%YAML 1.1
%TAG !u! tag:unity3d.com,2011:
--- !u!1 &2724842900954013042
GameObject:
  m_ObjectHideFlags: 0
  m_CorrespondingSourceObject: {fileID: 0}
  m_PrefabInstance: {fileID: 0}
  m_PrefabAsset: {fileID: 0}
  serializedVersion: 6
  m_Component:
  - component: {fileID: 2724842900954013043}
  - component: {fileID: 8836149976355388598}
  - component: {fileID: 4424130326860508821}
  - component: {fileID: 5349870926459954417}
  - component: {fileID: 3527120308801143721}
  - component: {fileID: 8079811310319135964}
  - component: {fileID: 1323529390249630692}
  - component: {fileID: 4283189009147676201}
  - component: {fileID: 4398538434557855474}
  - component: {fileID: 4487364098950833247}
  - component: {fileID: 4992609448740140388}
  - component: {fileID: 1692931357858901294}
  - component: {fileID: 5826250298313824033}
  - component: {fileID: 5588809980580748233}
  m_Layer: 0
  m_Name: WorldZeppelin
  m_TagString: Untagged
  m_Icon: {fileID: 0}
  m_NavMeshLayer: 0
  m_StaticEditorFlags: 0
  m_IsActive: 1
--- !u!4 &2724842900954013043
Transform:
  m_ObjectHideFlags: 0
  m_CorrespondingSourceObject: {fileID: 0}
  m_PrefabInstance: {fileID: 0}
  m_PrefabAsset: {fileID: 0}
  m_GameObject: {fileID: 2724842900954013042}
  m_LocalRotation: {x: 0, y: 0, z: 0, w: 1}
  m_LocalPosition: {x: 0, y: 0, z: 0}
  m_LocalScale: {x: 0.2, y: 0.2, z: 0.2}
  m_Children:
  - {fileID: 6965418122446725290}
  - {fileID: 6965418122529030496}
  - {fileID: 6965418121417521553}
  - {fileID: 6965418122435196407}
  - {fileID: 6965418121747725673}
  - {fileID: 6965418121534658843}
  - {fileID: 6965418121919631652}
  m_Father: {fileID: 0}
  m_RootOrder: 0
  m_LocalEulerAnglesHint: {x: 0, y: 0, z: 0}
--- !u!65 &8836149976355388598
BoxCollider:
  m_ObjectHideFlags: 0
  m_CorrespondingSourceObject: {fileID: 0}
  m_PrefabInstance: {fileID: 0}
  m_PrefabAsset: {fileID: 0}
  m_GameObject: {fileID: 2724842900954013042}
  m_Material: {fileID: 0}
  m_IsTrigger: 0
  m_Enabled: 1
  serializedVersion: 2
  m_Size: {x: 94.51, y: 3.0500002, z: 60.13764}
  m_Center: {x: 0, y: -3.29, z: -8.568821}
--- !u!65 &4424130326860508821
BoxCollider:
  m_ObjectHideFlags: 0
  m_CorrespondingSourceObject: {fileID: 0}
  m_PrefabInstance: {fileID: 0}
  m_PrefabAsset: {fileID: 0}
  m_GameObject: {fileID: 2724842900954013042}
  m_Material: {fileID: 0}
  m_IsTrigger: 0
  m_Enabled: 1
  serializedVersion: 2
  m_Size: {x: 87.27, y: 3.0500002, z: 36.98961}
  m_Center: {x: 0, y: -3.29, z: 40.1948}
--- !u!65 &5349870926459954417
BoxCollider:
  m_ObjectHideFlags: 0
  m_CorrespondingSourceObject: {fileID: 0}
  m_PrefabInstance: {fileID: 0}
  m_PrefabAsset: {fileID: 0}
  m_GameObject: {fileID: 2724842900954013042}
  m_Material: {fileID: 0}
  m_IsTrigger: 0
  m_Enabled: 1
  serializedVersion: 2
  m_Size: {x: 87.70228, y: 3.0500002, z: 25.161835}
  m_Center: {x: -0.21614456, y: -3.29, z: -51.11611}
--- !u!65 &3527120308801143721
BoxCollider:
  m_ObjectHideFlags: 0
  m_CorrespondingSourceObject: {fileID: 0}
  m_PrefabInstance: {fileID: 0}
  m_PrefabAsset: {fileID: 0}
  m_GameObject: {fileID: 2724842900954013042}
  m_Material: {fileID: 0}
  m_IsTrigger: 0
  m_Enabled: 1
  serializedVersion: 2
  m_Size: {x: 75.15786, y: 3.0500002, z: 17.18399}
  m_Center: {x: -0.41009903, y: -3.29, z: -72.011086}
--- !u!65 &8079811310319135964
BoxCollider:
  m_ObjectHideFlags: 0
  m_CorrespondingSourceObject: {fileID: 0}
  m_PrefabInstance: {fileID: 0}
  m_PrefabAsset: {fileID: 0}
  m_GameObject: {fileID: 2724842900954013042}
  m_Material: {fileID: 0}
  m_IsTrigger: 0
  m_Enabled: 1
  serializedVersion: 2
  m_Size: {x: 55.522343, y: 3.0500002, z: 15.720345}
  m_Center: {x: 0.3773861, y: -3.29, z: -88.56818}
--- !u!65 &1323529390249630692
BoxCollider:
  m_ObjectHideFlags: 0
  m_CorrespondingSourceObject: {fileID: 0}
  m_PrefabInstance: {fileID: 0}
  m_PrefabAsset: {fileID: 0}
  m_GameObject: {fileID: 2724842900954013042}
  m_Material: {fileID: 0}
  m_IsTrigger: 0
  m_Enabled: 1
  serializedVersion: 2
  m_Size: {x: 34.877518, y: 3.0500002, z: 14.140747}
  m_Center: {x: -0.21137238, y: -3.29, z: -103.310196}
--- !u!65 &4283189009147676201
BoxCollider:
  m_ObjectHideFlags: 0
  m_CorrespondingSourceObject: {fileID: 0}
  m_PrefabInstance: {fileID: 0}
  m_PrefabAsset: {fileID: 0}
  m_GameObject: {fileID: 2724842900954013042}
  m_Material: {fileID: 0}
  m_IsTrigger: 0
  m_Enabled: 1
  serializedVersion: 2
  m_Size: {x: 19.950558, y: 3.0500002, z: 9.903442}
  m_Center: {x: -0.21859837, y: -3.29, z: -115.48134}
--- !u!65 &4398538434557855474
BoxCollider:
  m_ObjectHideFlags: 0
  m_CorrespondingSourceObject: {fileID: 0}
  m_PrefabInstance: {fileID: 0}
  m_PrefabAsset: {fileID: 0}
  m_GameObject: {fileID: 2724842900954013042}
  m_Material: {fileID: 0}
  m_IsTrigger: 0
  m_Enabled: 1
  serializedVersion: 2
  m_Size: {x: 10.870701, y: 14.49313, z: 20.79657}
  m_Center: {x: 0.064780235, y: 2.2328033, z: -135.22852}
--- !u!65 &4487364098950833247
BoxCollider:
  m_ObjectHideFlags: 0
  m_CorrespondingSourceObject: {fileID: 0}
  m_PrefabInstance: {fileID: 0}
  m_PrefabAsset: {fileID: 0}
  m_GameObject: {fileID: 2724842900954013042}
  m_Material: {fileID: 0}
  m_IsTrigger: 0
  m_Enabled: 1
  serializedVersion: 2
  m_Size: {x: 8.643009, y: 3.0500002, z: 9.903442}
  m_Center: {x: -0.49455738, y: -3.29, z: -125.5}
--- !u!65 &4992609448740140388
BoxCollider:
  m_ObjectHideFlags: 0
  m_CorrespondingSourceObject: {fileID: 0}
  m_PrefabInstance: {fileID: 0}
  m_PrefabAsset: {fileID: 0}
  m_GameObject: {fileID: 2724842900954013042}
  m_Material: {fileID: 0}
  m_IsTrigger: 0
  m_Enabled: 1
  serializedVersion: 2
  m_Size: {x: 5.300003, y: 17.626701, z: 12.444244}
  m_Center: {x: 45.1, y: 5.502411, z: -46.349953}
--- !u!65 &1692931357858901294
BoxCollider:
  m_ObjectHideFlags: 0
  m_CorrespondingSourceObject: {fileID: 0}
  m_PrefabInstance: {fileID: 0}
  m_PrefabAsset: {fileID: 0}
  m_GameObject: {fileID: 2724842900954013042}
  m_Material: {fileID: 0}
  m_IsTrigger: 0
  m_Enabled: 1
  serializedVersion: 2
  m_Size: {x: 5.300003, y: 17.626701, z: 12.444244}
  m_Center: {x: -45.7, y: 5.502411, z: -46.349953}
--- !u!65 &5826250298313824033
BoxCollider:
  m_ObjectHideFlags: 0
  m_CorrespondingSourceObject: {fileID: 0}
  m_PrefabInstance: {fileID: 0}
  m_PrefabAsset: {fileID: 0}
  m_GameObject: {fileID: 2724842900954013042}
  m_Material: {fileID: 0}
  m_IsTrigger: 0
  m_Enabled: 1
  serializedVersion: 2
  m_Size: {x: 77.2, y: 59.953743, z: 40.13031}
  m_Center: {x: 0, y: 18.376873, z: 78.83}
--- !u!95 &5588809980580748233
Animator:
  serializedVersion: 3
  m_ObjectHideFlags: 0
  m_CorrespondingSourceObject: {fileID: 0}
  m_PrefabInstance: {fileID: 0}
  m_PrefabAsset: {fileID: 0}
  m_GameObject: {fileID: 2724842900954013042}
  m_Enabled: 1
  m_Avatar: {fileID: 0}
  m_Controller: {fileID: 9100000, guid: ee98b2e1eb3792a44a93e7d6cfdc9a8e, type: 2}
  m_CullingMode: 0
  m_UpdateMode: 0
  m_ApplyRootMotion: 0
  m_LinearVelocityBlending: 0
  m_WarningMessage: 
  m_HasTransformHierarchy: 1
  m_AllowConstantClipSamplingOptimization: 1
  m_KeepAnimatorControllerStateOnDisable: 0
--- !u!1001 &389195330
PrefabInstance:
  m_ObjectHideFlags: 0
  serializedVersion: 2
  m_Modification:
    m_TransformParent: {fileID: 4279090502939198580}
    m_Modifications:
    - target: {fileID: 255644489682878182, guid: f12e382c5e2fadd4ab346141be56852f,
        type: 3}
      propertyPath: m_LocalPosition.x
      value: 5.04
      objectReference: {fileID: 0}
    - target: {fileID: 255644489682878182, guid: f12e382c5e2fadd4ab346141be56852f,
        type: 3}
      propertyPath: m_LocalPosition.y
      value: -0.075
      objectReference: {fileID: 0}
    - target: {fileID: 255644489682878182, guid: f12e382c5e2fadd4ab346141be56852f,
        type: 3}
      propertyPath: m_LocalPosition.z
      value: 3.37
      objectReference: {fileID: 0}
    - target: {fileID: 255644489682878182, guid: f12e382c5e2fadd4ab346141be56852f,
        type: 3}
      propertyPath: m_LocalRotation.x
      value: -0.7071068
      objectReference: {fileID: 0}
    - target: {fileID: 255644489682878182, guid: f12e382c5e2fadd4ab346141be56852f,
        type: 3}
      propertyPath: m_LocalRotation.y
      value: -0
      objectReference: {fileID: 0}
    - target: {fileID: 255644489682878182, guid: f12e382c5e2fadd4ab346141be56852f,
        type: 3}
      propertyPath: m_LocalRotation.z
      value: -0
      objectReference: {fileID: 0}
    - target: {fileID: 255644489682878182, guid: f12e382c5e2fadd4ab346141be56852f,
        type: 3}
      propertyPath: m_LocalRotation.w
      value: 0.7071068
      objectReference: {fileID: 0}
    - target: {fileID: 255644489682878182, guid: f12e382c5e2fadd4ab346141be56852f,
        type: 3}
      propertyPath: m_RootOrder
      value: 0
      objectReference: {fileID: 0}
    - target: {fileID: 255644489682878182, guid: f12e382c5e2fadd4ab346141be56852f,
        type: 3}
      propertyPath: m_LocalEulerAnglesHint.x
      value: 0
      objectReference: {fileID: 0}
    - target: {fileID: 255644489682878182, guid: f12e382c5e2fadd4ab346141be56852f,
        type: 3}
      propertyPath: m_LocalEulerAnglesHint.y
      value: 0
      objectReference: {fileID: 0}
    - target: {fileID: 255644489682878182, guid: f12e382c5e2fadd4ab346141be56852f,
        type: 3}
      propertyPath: m_LocalEulerAnglesHint.z
      value: 0
      objectReference: {fileID: 0}
    - target: {fileID: 255644489682878182, guid: f12e382c5e2fadd4ab346141be56852f,
        type: 3}
      propertyPath: m_LocalScale.x
      value: -0.3517351
      objectReference: {fileID: 0}
    - target: {fileID: 255644489682878182, guid: f12e382c5e2fadd4ab346141be56852f,
        type: 3}
      propertyPath: m_LocalScale.y
      value: 0.3517351
      objectReference: {fileID: 0}
    - target: {fileID: 255644489682878182, guid: f12e382c5e2fadd4ab346141be56852f,
        type: 3}
      propertyPath: m_LocalScale.z
      value: 0.30668685
      objectReference: {fileID: 0}
    - target: {fileID: 255644489682878201, guid: f12e382c5e2fadd4ab346141be56852f,
        type: 3}
      propertyPath: ColorModule.enabled
      value: 1
      objectReference: {fileID: 0}
    - target: {fileID: 255644489682878203, guid: f12e382c5e2fadd4ab346141be56852f,
        type: 3}
      propertyPath: m_Name
      value: Trail
      objectReference: {fileID: 0}
    m_RemovedComponents: []
  m_SourcePrefab: {fileID: 100100000, guid: f12e382c5e2fadd4ab346141be56852f, type: 3}
--- !u!1001 &744653481
PrefabInstance:
  m_ObjectHideFlags: 0
  serializedVersion: 2
  m_Modification:
    m_TransformParent: {fileID: 6965418121919631652}
    m_Modifications:
    - target: {fileID: 255644489682878182, guid: f12e382c5e2fadd4ab346141be56852f,
        type: 3}
      propertyPath: m_LocalPosition.x
      value: 2.17
      objectReference: {fileID: 0}
    - target: {fileID: 255644489682878182, guid: f12e382c5e2fadd4ab346141be56852f,
        type: 3}
      propertyPath: m_LocalPosition.y
      value: -0.25
      objectReference: {fileID: 0}
    - target: {fileID: 255644489682878182, guid: f12e382c5e2fadd4ab346141be56852f,
        type: 3}
      propertyPath: m_LocalPosition.z
      value: 4.74
      objectReference: {fileID: 0}
    - target: {fileID: 255644489682878182, guid: f12e382c5e2fadd4ab346141be56852f,
        type: 3}
      propertyPath: m_LocalRotation.x
      value: -0
      objectReference: {fileID: 0}
    - target: {fileID: 255644489682878182, guid: f12e382c5e2fadd4ab346141be56852f,
        type: 3}
      propertyPath: m_LocalRotation.y
      value: 0
      objectReference: {fileID: 0}
    - target: {fileID: 255644489682878182, guid: f12e382c5e2fadd4ab346141be56852f,
        type: 3}
      propertyPath: m_LocalRotation.z
      value: 0
      objectReference: {fileID: 0}
    - target: {fileID: 255644489682878182, guid: f12e382c5e2fadd4ab346141be56852f,
        type: 3}
      propertyPath: m_LocalRotation.w
      value: 1
      objectReference: {fileID: 0}
    - target: {fileID: 255644489682878182, guid: f12e382c5e2fadd4ab346141be56852f,
        type: 3}
      propertyPath: m_RootOrder
      value: 3
      objectReference: {fileID: 0}
    - target: {fileID: 255644489682878182, guid: f12e382c5e2fadd4ab346141be56852f,
        type: 3}
      propertyPath: m_LocalEulerAnglesHint.x
      value: 0
      objectReference: {fileID: 0}
    - target: {fileID: 255644489682878182, guid: f12e382c5e2fadd4ab346141be56852f,
        type: 3}
      propertyPath: m_LocalEulerAnglesHint.y
      value: 0
      objectReference: {fileID: 0}
    - target: {fileID: 255644489682878182, guid: f12e382c5e2fadd4ab346141be56852f,
        type: 3}
      propertyPath: m_LocalEulerAnglesHint.z
      value: 0
      objectReference: {fileID: 0}
    - target: {fileID: 255644489682878182, guid: f12e382c5e2fadd4ab346141be56852f,
        type: 3}
      propertyPath: m_LocalScale.x
      value: 1
      objectReference: {fileID: 0}
    - target: {fileID: 255644489682878182, guid: f12e382c5e2fadd4ab346141be56852f,
        type: 3}
      propertyPath: m_LocalScale.y
      value: 1
      objectReference: {fileID: 0}
    - target: {fileID: 255644489682878182, guid: f12e382c5e2fadd4ab346141be56852f,
        type: 3}
      propertyPath: m_LocalScale.z
      value: 1
      objectReference: {fileID: 0}
    - target: {fileID: 255644489682878203, guid: f12e382c5e2fadd4ab346141be56852f,
        type: 3}
      propertyPath: m_Name
      value: Trail
      objectReference: {fileID: 0}
    m_RemovedComponents: []
  m_SourcePrefab: {fileID: 100100000, guid: f12e382c5e2fadd4ab346141be56852f, type: 3}
--- !u!1001 &796046183
PrefabInstance:
  m_ObjectHideFlags: 0
  serializedVersion: 2
  m_Modification:
    m_TransformParent: {fileID: 6965418121534658843}
    m_Modifications:
    - target: {fileID: 255644489682878182, guid: f12e382c5e2fadd4ab346141be56852f,
        type: 3}
      propertyPath: m_LocalPosition.x
      value: 11.23
      objectReference: {fileID: 0}
    - target: {fileID: 255644489682878182, guid: f12e382c5e2fadd4ab346141be56852f,
        type: 3}
      propertyPath: m_LocalPosition.y
      value: -0.25000036
      objectReference: {fileID: 0}
    - target: {fileID: 255644489682878182, guid: f12e382c5e2fadd4ab346141be56852f,
        type: 3}
      propertyPath: m_LocalPosition.z
      value: 6.3
      objectReference: {fileID: 0}
    - target: {fileID: 255644489682878182, guid: f12e382c5e2fadd4ab346141be56852f,
        type: 3}
      propertyPath: m_LocalRotation.x
      value: -0
      objectReference: {fileID: 0}
    - target: {fileID: 255644489682878182, guid: f12e382c5e2fadd4ab346141be56852f,
        type: 3}
      propertyPath: m_LocalRotation.y
      value: -0
      objectReference: {fileID: 0}
    - target: {fileID: 255644489682878182, guid: f12e382c5e2fadd4ab346141be56852f,
        type: 3}
      propertyPath: m_LocalRotation.z
      value: -0
      objectReference: {fileID: 0}
    - target: {fileID: 255644489682878182, guid: f12e382c5e2fadd4ab346141be56852f,
        type: 3}
      propertyPath: m_LocalRotation.w
      value: 1
      objectReference: {fileID: 0}
    - target: {fileID: 255644489682878182, guid: f12e382c5e2fadd4ab346141be56852f,
        type: 3}
      propertyPath: m_RootOrder
      value: 1
      objectReference: {fileID: 0}
    - target: {fileID: 255644489682878182, guid: f12e382c5e2fadd4ab346141be56852f,
        type: 3}
      propertyPath: m_LocalEulerAnglesHint.x
      value: 0
      objectReference: {fileID: 0}
    - target: {fileID: 255644489682878182, guid: f12e382c5e2fadd4ab346141be56852f,
        type: 3}
      propertyPath: m_LocalEulerAnglesHint.y
      value: 0
      objectReference: {fileID: 0}
    - target: {fileID: 255644489682878182, guid: f12e382c5e2fadd4ab346141be56852f,
        type: 3}
      propertyPath: m_LocalEulerAnglesHint.z
      value: 0
      objectReference: {fileID: 0}
    - target: {fileID: 255644489682878182, guid: f12e382c5e2fadd4ab346141be56852f,
        type: 3}
      propertyPath: m_LocalScale.x
      value: -1
      objectReference: {fileID: 0}
    - target: {fileID: 255644489682878182, guid: f12e382c5e2fadd4ab346141be56852f,
        type: 3}
      propertyPath: m_LocalScale.y
      value: 1
      objectReference: {fileID: 0}
    - target: {fileID: 255644489682878182, guid: f12e382c5e2fadd4ab346141be56852f,
        type: 3}
      propertyPath: m_LocalScale.z
      value: 1
      objectReference: {fileID: 0}
    - target: {fileID: 255644489682878203, guid: f12e382c5e2fadd4ab346141be56852f,
        type: 3}
      propertyPath: m_Name
      value: Trail
      objectReference: {fileID: 0}
    m_RemovedComponents: []
  m_SourcePrefab: {fileID: 100100000, guid: f12e382c5e2fadd4ab346141be56852f, type: 3}
--- !u!1001 &1151603114
PrefabInstance:
  m_ObjectHideFlags: 0
  serializedVersion: 2
  m_Modification:
    m_TransformParent: {fileID: 4279090502939198580}
    m_Modifications:
    - target: {fileID: 255644489682878182, guid: f12e382c5e2fadd4ab346141be56852f,
        type: 3}
      propertyPath: m_LocalPosition.x
      value: -3.35
      objectReference: {fileID: 0}
    - target: {fileID: 255644489682878182, guid: f12e382c5e2fadd4ab346141be56852f,
        type: 3}
      propertyPath: m_LocalPosition.y
      value: -0.07
      objectReference: {fileID: 0}
    - target: {fileID: 255644489682878182, guid: f12e382c5e2fadd4ab346141be56852f,
        type: 3}
      propertyPath: m_LocalPosition.z
      value: 5
      objectReference: {fileID: 0}
    - target: {fileID: 255644489682878182, guid: f12e382c5e2fadd4ab346141be56852f,
        type: 3}
      propertyPath: m_LocalRotation.x
      value: -0.7071068
      objectReference: {fileID: 0}
    - target: {fileID: 255644489682878182, guid: f12e382c5e2fadd4ab346141be56852f,
        type: 3}
      propertyPath: m_LocalRotation.y
      value: -0
      objectReference: {fileID: 0}
    - target: {fileID: 255644489682878182, guid: f12e382c5e2fadd4ab346141be56852f,
        type: 3}
      propertyPath: m_LocalRotation.z
      value: -0
      objectReference: {fileID: 0}
    - target: {fileID: 255644489682878182, guid: f12e382c5e2fadd4ab346141be56852f,
        type: 3}
      propertyPath: m_LocalRotation.w
      value: 0.7071068
      objectReference: {fileID: 0}
    - target: {fileID: 255644489682878182, guid: f12e382c5e2fadd4ab346141be56852f,
        type: 3}
      propertyPath: m_RootOrder
      value: 3
      objectReference: {fileID: 0}
    - target: {fileID: 255644489682878182, guid: f12e382c5e2fadd4ab346141be56852f,
        type: 3}
      propertyPath: m_LocalEulerAnglesHint.x
      value: 0
      objectReference: {fileID: 0}
    - target: {fileID: 255644489682878182, guid: f12e382c5e2fadd4ab346141be56852f,
        type: 3}
      propertyPath: m_LocalEulerAnglesHint.y
      value: 0
      objectReference: {fileID: 0}
    - target: {fileID: 255644489682878182, guid: f12e382c5e2fadd4ab346141be56852f,
        type: 3}
      propertyPath: m_LocalEulerAnglesHint.z
      value: 0
      objectReference: {fileID: 0}
    - target: {fileID: 255644489682878182, guid: f12e382c5e2fadd4ab346141be56852f,
        type: 3}
      propertyPath: m_LocalScale.x
      value: -0.3517351
      objectReference: {fileID: 0}
    - target: {fileID: 255644489682878182, guid: f12e382c5e2fadd4ab346141be56852f,
        type: 3}
      propertyPath: m_LocalScale.y
      value: 0.3517351
      objectReference: {fileID: 0}
    - target: {fileID: 255644489682878182, guid: f12e382c5e2fadd4ab346141be56852f,
        type: 3}
      propertyPath: m_LocalScale.z
      value: 0.30668685
      objectReference: {fileID: 0}
    - target: {fileID: 255644489682878201, guid: f12e382c5e2fadd4ab346141be56852f,
        type: 3}
      propertyPath: ColorModule.enabled
      value: 1
      objectReference: {fileID: 0}
    - target: {fileID: 255644489682878203, guid: f12e382c5e2fadd4ab346141be56852f,
        type: 3}
      propertyPath: m_Name
      value: Trail
      objectReference: {fileID: 0}
    m_RemovedComponents: []
  m_SourcePrefab: {fileID: 100100000, guid: f12e382c5e2fadd4ab346141be56852f, type: 3}
--- !u!1001 &1204292031
PrefabInstance:
  m_ObjectHideFlags: 0
  serializedVersion: 2
  m_Modification:
    m_TransformParent: {fileID: 6965418121919631652}
    m_Modifications:
    - target: {fileID: 255644489682878182, guid: f12e382c5e2fadd4ab346141be56852f,
        type: 3}
      propertyPath: m_LocalPosition.x
      value: 11.11
      objectReference: {fileID: 0}
    - target: {fileID: 255644489682878182, guid: f12e382c5e2fadd4ab346141be56852f,
        type: 3}
      propertyPath: m_LocalPosition.y
      value: -0.25
      objectReference: {fileID: 0}
    - target: {fileID: 255644489682878182, guid: f12e382c5e2fadd4ab346141be56852f,
        type: 3}
      propertyPath: m_LocalPosition.z
      value: 6.26
      objectReference: {fileID: 0}
    - target: {fileID: 255644489682878182, guid: f12e382c5e2fadd4ab346141be56852f,
        type: 3}
      propertyPath: m_LocalRotation.x
      value: -0
      objectReference: {fileID: 0}
    - target: {fileID: 255644489682878182, guid: f12e382c5e2fadd4ab346141be56852f,
        type: 3}
      propertyPath: m_LocalRotation.y
      value: 0
      objectReference: {fileID: 0}
    - target: {fileID: 255644489682878182, guid: f12e382c5e2fadd4ab346141be56852f,
        type: 3}
      propertyPath: m_LocalRotation.z
      value: 0
      objectReference: {fileID: 0}
    - target: {fileID: 255644489682878182, guid: f12e382c5e2fadd4ab346141be56852f,
        type: 3}
      propertyPath: m_LocalRotation.w
      value: 1
      objectReference: {fileID: 0}
    - target: {fileID: 255644489682878182, guid: f12e382c5e2fadd4ab346141be56852f,
        type: 3}
      propertyPath: m_RootOrder
      value: 1
      objectReference: {fileID: 0}
    - target: {fileID: 255644489682878182, guid: f12e382c5e2fadd4ab346141be56852f,
        type: 3}
      propertyPath: m_LocalEulerAnglesHint.x
      value: 0
      objectReference: {fileID: 0}
    - target: {fileID: 255644489682878182, guid: f12e382c5e2fadd4ab346141be56852f,
        type: 3}
      propertyPath: m_LocalEulerAnglesHint.y
      value: 0
      objectReference: {fileID: 0}
    - target: {fileID: 255644489682878182, guid: f12e382c5e2fadd4ab346141be56852f,
        type: 3}
      propertyPath: m_LocalEulerAnglesHint.z
      value: 0
      objectReference: {fileID: 0}
    - target: {fileID: 255644489682878182, guid: f12e382c5e2fadd4ab346141be56852f,
        type: 3}
      propertyPath: m_LocalScale.x
      value: 1
      objectReference: {fileID: 0}
    - target: {fileID: 255644489682878182, guid: f12e382c5e2fadd4ab346141be56852f,
        type: 3}
      propertyPath: m_LocalScale.y
      value: 1
      objectReference: {fileID: 0}
    - target: {fileID: 255644489682878182, guid: f12e382c5e2fadd4ab346141be56852f,
        type: 3}
      propertyPath: m_LocalScale.z
      value: 1
      objectReference: {fileID: 0}
    - target: {fileID: 255644489682878203, guid: f12e382c5e2fadd4ab346141be56852f,
        type: 3}
      propertyPath: m_Name
      value: Trail
      objectReference: {fileID: 0}
    m_RemovedComponents: []
  m_SourcePrefab: {fileID: 100100000, guid: f12e382c5e2fadd4ab346141be56852f, type: 3}
--- !u!1001 &1360257198
PrefabInstance:
  m_ObjectHideFlags: 0
  serializedVersion: 2
  m_Modification:
    m_TransformParent: {fileID: 6965418121919631652}
    m_Modifications:
    - target: {fileID: 255644489682878182, guid: f12e382c5e2fadd4ab346141be56852f,
        type: 3}
      propertyPath: m_LocalPosition.x
      value: 6.29
      objectReference: {fileID: 0}
    - target: {fileID: 255644489682878182, guid: f12e382c5e2fadd4ab346141be56852f,
        type: 3}
      propertyPath: m_LocalPosition.y
      value: -0.25
      objectReference: {fileID: 0}
    - target: {fileID: 255644489682878182, guid: f12e382c5e2fadd4ab346141be56852f,
        type: 3}
      propertyPath: m_LocalPosition.z
      value: 5.68
      objectReference: {fileID: 0}
    - target: {fileID: 255644489682878182, guid: f12e382c5e2fadd4ab346141be56852f,
        type: 3}
      propertyPath: m_LocalRotation.x
      value: -0
      objectReference: {fileID: 0}
    - target: {fileID: 255644489682878182, guid: f12e382c5e2fadd4ab346141be56852f,
        type: 3}
      propertyPath: m_LocalRotation.y
      value: 0
      objectReference: {fileID: 0}
    - target: {fileID: 255644489682878182, guid: f12e382c5e2fadd4ab346141be56852f,
        type: 3}
      propertyPath: m_LocalRotation.z
      value: 0
      objectReference: {fileID: 0}
    - target: {fileID: 255644489682878182, guid: f12e382c5e2fadd4ab346141be56852f,
        type: 3}
      propertyPath: m_LocalRotation.w
      value: 1
      objectReference: {fileID: 0}
    - target: {fileID: 255644489682878182, guid: f12e382c5e2fadd4ab346141be56852f,
        type: 3}
      propertyPath: m_RootOrder
      value: 2
      objectReference: {fileID: 0}
    - target: {fileID: 255644489682878182, guid: f12e382c5e2fadd4ab346141be56852f,
        type: 3}
      propertyPath: m_LocalEulerAnglesHint.x
      value: 0
      objectReference: {fileID: 0}
    - target: {fileID: 255644489682878182, guid: f12e382c5e2fadd4ab346141be56852f,
        type: 3}
      propertyPath: m_LocalEulerAnglesHint.y
      value: 0
      objectReference: {fileID: 0}
    - target: {fileID: 255644489682878182, guid: f12e382c5e2fadd4ab346141be56852f,
        type: 3}
      propertyPath: m_LocalEulerAnglesHint.z
      value: 0
      objectReference: {fileID: 0}
    - target: {fileID: 255644489682878182, guid: f12e382c5e2fadd4ab346141be56852f,
        type: 3}
      propertyPath: m_LocalScale.x
      value: 1
      objectReference: {fileID: 0}
    - target: {fileID: 255644489682878182, guid: f12e382c5e2fadd4ab346141be56852f,
        type: 3}
      propertyPath: m_LocalScale.y
      value: 1
      objectReference: {fileID: 0}
    - target: {fileID: 255644489682878182, guid: f12e382c5e2fadd4ab346141be56852f,
        type: 3}
      propertyPath: m_LocalScale.z
      value: 1
      objectReference: {fileID: 0}
    - target: {fileID: 255644489682878203, guid: f12e382c5e2fadd4ab346141be56852f,
        type: 3}
      propertyPath: m_Name
      value: Trail
      objectReference: {fileID: 0}
    m_RemovedComponents: []
  m_SourcePrefab: {fileID: 100100000, guid: f12e382c5e2fadd4ab346141be56852f, type: 3}
--- !u!1001 &1472669965
PrefabInstance:
  m_ObjectHideFlags: 0
  serializedVersion: 2
  m_Modification:
    m_TransformParent: {fileID: 4279090502939198580}
    m_Modifications:
    - target: {fileID: 255644489682878182, guid: f12e382c5e2fadd4ab346141be56852f,
        type: 3}
      propertyPath: m_LocalPosition.x
      value: -5.12
      objectReference: {fileID: 0}
    - target: {fileID: 255644489682878182, guid: f12e382c5e2fadd4ab346141be56852f,
        type: 3}
      propertyPath: m_LocalPosition.y
      value: -0.08
      objectReference: {fileID: 0}
    - target: {fileID: 255644489682878182, guid: f12e382c5e2fadd4ab346141be56852f,
        type: 3}
      propertyPath: m_LocalPosition.z
      value: -3.25
      objectReference: {fileID: 0}
    - target: {fileID: 255644489682878182, guid: f12e382c5e2fadd4ab346141be56852f,
        type: 3}
      propertyPath: m_LocalRotation.x
      value: -0.7071068
      objectReference: {fileID: 0}
    - target: {fileID: 255644489682878182, guid: f12e382c5e2fadd4ab346141be56852f,
        type: 3}
      propertyPath: m_LocalRotation.y
      value: -0
      objectReference: {fileID: 0}
    - target: {fileID: 255644489682878182, guid: f12e382c5e2fadd4ab346141be56852f,
        type: 3}
      propertyPath: m_LocalRotation.z
      value: -0
      objectReference: {fileID: 0}
    - target: {fileID: 255644489682878182, guid: f12e382c5e2fadd4ab346141be56852f,
        type: 3}
      propertyPath: m_LocalRotation.w
      value: 0.7071068
      objectReference: {fileID: 0}
    - target: {fileID: 255644489682878182, guid: f12e382c5e2fadd4ab346141be56852f,
        type: 3}
      propertyPath: m_RootOrder
      value: 2
      objectReference: {fileID: 0}
    - target: {fileID: 255644489682878182, guid: f12e382c5e2fadd4ab346141be56852f,
        type: 3}
      propertyPath: m_LocalEulerAnglesHint.x
      value: 0
      objectReference: {fileID: 0}
    - target: {fileID: 255644489682878182, guid: f12e382c5e2fadd4ab346141be56852f,
        type: 3}
      propertyPath: m_LocalEulerAnglesHint.y
      value: 0
      objectReference: {fileID: 0}
    - target: {fileID: 255644489682878182, guid: f12e382c5e2fadd4ab346141be56852f,
        type: 3}
      propertyPath: m_LocalEulerAnglesHint.z
      value: 0
      objectReference: {fileID: 0}
    - target: {fileID: 255644489682878182, guid: f12e382c5e2fadd4ab346141be56852f,
        type: 3}
      propertyPath: m_LocalScale.x
      value: -0.3517351
      objectReference: {fileID: 0}
    - target: {fileID: 255644489682878182, guid: f12e382c5e2fadd4ab346141be56852f,
        type: 3}
      propertyPath: m_LocalScale.y
      value: 0.3517351
      objectReference: {fileID: 0}
    - target: {fileID: 255644489682878182, guid: f12e382c5e2fadd4ab346141be56852f,
        type: 3}
      propertyPath: m_LocalScale.z
      value: 0.30668685
      objectReference: {fileID: 0}
    - target: {fileID: 255644489682878201, guid: f12e382c5e2fadd4ab346141be56852f,
        type: 3}
      propertyPath: ColorModule.enabled
      value: 1
      objectReference: {fileID: 0}
    - target: {fileID: 255644489682878203, guid: f12e382c5e2fadd4ab346141be56852f,
        type: 3}
      propertyPath: m_Name
      value: Trail
      objectReference: {fileID: 0}
    m_RemovedComponents: []
  m_SourcePrefab: {fileID: 100100000, guid: f12e382c5e2fadd4ab346141be56852f, type: 3}
--- !u!1001 &1612782253
PrefabInstance:
  m_ObjectHideFlags: 0
  serializedVersion: 2
  m_Modification:
    m_TransformParent: {fileID: 6965418121534658843}
    m_Modifications:
    - target: {fileID: 255644489682878182, guid: f12e382c5e2fadd4ab346141be56852f,
        type: 3}
      propertyPath: m_LocalPosition.x
      value: 2.25
      objectReference: {fileID: 0}
    - target: {fileID: 255644489682878182, guid: f12e382c5e2fadd4ab346141be56852f,
        type: 3}
      propertyPath: m_LocalPosition.y
      value: -0.25000036
      objectReference: {fileID: 0}
    - target: {fileID: 255644489682878182, guid: f12e382c5e2fadd4ab346141be56852f,
        type: 3}
      propertyPath: m_LocalPosition.z
      value: 4.66
      objectReference: {fileID: 0}
    - target: {fileID: 255644489682878182, guid: f12e382c5e2fadd4ab346141be56852f,
        type: 3}
      propertyPath: m_LocalRotation.x
      value: -0
      objectReference: {fileID: 0}
    - target: {fileID: 255644489682878182, guid: f12e382c5e2fadd4ab346141be56852f,
        type: 3}
      propertyPath: m_LocalRotation.y
      value: -0
      objectReference: {fileID: 0}
    - target: {fileID: 255644489682878182, guid: f12e382c5e2fadd4ab346141be56852f,
        type: 3}
      propertyPath: m_LocalRotation.z
      value: -0
      objectReference: {fileID: 0}
    - target: {fileID: 255644489682878182, guid: f12e382c5e2fadd4ab346141be56852f,
        type: 3}
      propertyPath: m_LocalRotation.w
      value: 1
      objectReference: {fileID: 0}
    - target: {fileID: 255644489682878182, guid: f12e382c5e2fadd4ab346141be56852f,
        type: 3}
      propertyPath: m_RootOrder
      value: 3
      objectReference: {fileID: 0}
    - target: {fileID: 255644489682878182, guid: f12e382c5e2fadd4ab346141be56852f,
        type: 3}
      propertyPath: m_LocalEulerAnglesHint.x
      value: 0
      objectReference: {fileID: 0}
    - target: {fileID: 255644489682878182, guid: f12e382c5e2fadd4ab346141be56852f,
        type: 3}
      propertyPath: m_LocalEulerAnglesHint.y
      value: 0
      objectReference: {fileID: 0}
    - target: {fileID: 255644489682878182, guid: f12e382c5e2fadd4ab346141be56852f,
        type: 3}
      propertyPath: m_LocalEulerAnglesHint.z
      value: 0
      objectReference: {fileID: 0}
    - target: {fileID: 255644489682878182, guid: f12e382c5e2fadd4ab346141be56852f,
        type: 3}
      propertyPath: m_LocalScale.x
      value: -1
      objectReference: {fileID: 0}
    - target: {fileID: 255644489682878182, guid: f12e382c5e2fadd4ab346141be56852f,
        type: 3}
      propertyPath: m_LocalScale.y
      value: 1
      objectReference: {fileID: 0}
    - target: {fileID: 255644489682878182, guid: f12e382c5e2fadd4ab346141be56852f,
        type: 3}
      propertyPath: m_LocalScale.z
      value: 1
      objectReference: {fileID: 0}
    - target: {fileID: 255644489682878203, guid: f12e382c5e2fadd4ab346141be56852f,
        type: 3}
      propertyPath: m_Name
      value: Trail
      objectReference: {fileID: 0}
    m_RemovedComponents: []
  m_SourcePrefab: {fileID: 100100000, guid: f12e382c5e2fadd4ab346141be56852f, type: 3}
--- !u!1001 &1684634872
PrefabInstance:
  m_ObjectHideFlags: 0
  serializedVersion: 2
  m_Modification:
    m_TransformParent: {fileID: 6965418121534658843}
    m_Modifications:
    - target: {fileID: 255644489682878182, guid: f12e382c5e2fadd4ab346141be56852f,
        type: 3}
      propertyPath: m_LocalPosition.x
      value: 6.28
      objectReference: {fileID: 0}
    - target: {fileID: 255644489682878182, guid: f12e382c5e2fadd4ab346141be56852f,
        type: 3}
      propertyPath: m_LocalPosition.y
      value: -0.25000036
      objectReference: {fileID: 0}
    - target: {fileID: 255644489682878182, guid: f12e382c5e2fadd4ab346141be56852f,
        type: 3}
      propertyPath: m_LocalPosition.z
      value: 5.72
      objectReference: {fileID: 0}
    - target: {fileID: 255644489682878182, guid: f12e382c5e2fadd4ab346141be56852f,
        type: 3}
      propertyPath: m_LocalRotation.x
      value: -0
      objectReference: {fileID: 0}
    - target: {fileID: 255644489682878182, guid: f12e382c5e2fadd4ab346141be56852f,
        type: 3}
      propertyPath: m_LocalRotation.y
      value: -0
      objectReference: {fileID: 0}
    - target: {fileID: 255644489682878182, guid: f12e382c5e2fadd4ab346141be56852f,
        type: 3}
      propertyPath: m_LocalRotation.z
      value: -0
      objectReference: {fileID: 0}
    - target: {fileID: 255644489682878182, guid: f12e382c5e2fadd4ab346141be56852f,
        type: 3}
      propertyPath: m_LocalRotation.w
      value: 1
      objectReference: {fileID: 0}
    - target: {fileID: 255644489682878182, guid: f12e382c5e2fadd4ab346141be56852f,
        type: 3}
      propertyPath: m_RootOrder
      value: 2
      objectReference: {fileID: 0}
    - target: {fileID: 255644489682878182, guid: f12e382c5e2fadd4ab346141be56852f,
        type: 3}
      propertyPath: m_LocalEulerAnglesHint.x
      value: 0
      objectReference: {fileID: 0}
    - target: {fileID: 255644489682878182, guid: f12e382c5e2fadd4ab346141be56852f,
        type: 3}
      propertyPath: m_LocalEulerAnglesHint.y
      value: 0
      objectReference: {fileID: 0}
    - target: {fileID: 255644489682878182, guid: f12e382c5e2fadd4ab346141be56852f,
        type: 3}
      propertyPath: m_LocalEulerAnglesHint.z
      value: 0
      objectReference: {fileID: 0}
    - target: {fileID: 255644489682878182, guid: f12e382c5e2fadd4ab346141be56852f,
        type: 3}
      propertyPath: m_LocalScale.x
      value: -1
      objectReference: {fileID: 0}
    - target: {fileID: 255644489682878182, guid: f12e382c5e2fadd4ab346141be56852f,
        type: 3}
      propertyPath: m_LocalScale.y
      value: 1
      objectReference: {fileID: 0}
    - target: {fileID: 255644489682878182, guid: f12e382c5e2fadd4ab346141be56852f,
        type: 3}
      propertyPath: m_LocalScale.z
      value: 1
      objectReference: {fileID: 0}
    - target: {fileID: 255644489682878203, guid: f12e382c5e2fadd4ab346141be56852f,
        type: 3}
      propertyPath: m_Name
      value: Trail
      objectReference: {fileID: 0}
    m_RemovedComponents: []
  m_SourcePrefab: {fileID: 100100000, guid: f12e382c5e2fadd4ab346141be56852f, type: 3}
--- !u!1001 &1818899613
PrefabInstance:
  m_ObjectHideFlags: 0
  serializedVersion: 2
  m_Modification:
    m_TransformParent: {fileID: 4279090502939198580}
    m_Modifications:
    - target: {fileID: 255644489682878182, guid: f12e382c5e2fadd4ab346141be56852f,
        type: 3}
      propertyPath: m_LocalPosition.x
      value: 3.32
      objectReference: {fileID: 0}
    - target: {fileID: 255644489682878182, guid: f12e382c5e2fadd4ab346141be56852f,
        type: 3}
      propertyPath: m_LocalPosition.y
      value: -0.1
      objectReference: {fileID: 0}
    - target: {fileID: 255644489682878182, guid: f12e382c5e2fadd4ab346141be56852f,
        type: 3}
      propertyPath: m_LocalPosition.z
      value: -4.95
      objectReference: {fileID: 0}
    - target: {fileID: 255644489682878182, guid: f12e382c5e2fadd4ab346141be56852f,
        type: 3}
      propertyPath: m_LocalRotation.x
      value: -0.7071068
      objectReference: {fileID: 0}
    - target: {fileID: 255644489682878182, guid: f12e382c5e2fadd4ab346141be56852f,
        type: 3}
      propertyPath: m_LocalRotation.y
      value: -0
      objectReference: {fileID: 0}
    - target: {fileID: 255644489682878182, guid: f12e382c5e2fadd4ab346141be56852f,
        type: 3}
      propertyPath: m_LocalRotation.z
      value: -0
      objectReference: {fileID: 0}
    - target: {fileID: 255644489682878182, guid: f12e382c5e2fadd4ab346141be56852f,
        type: 3}
      propertyPath: m_LocalRotation.w
      value: 0.7071068
      objectReference: {fileID: 0}
    - target: {fileID: 255644489682878182, guid: f12e382c5e2fadd4ab346141be56852f,
        type: 3}
      propertyPath: m_RootOrder
      value: 1
      objectReference: {fileID: 0}
    - target: {fileID: 255644489682878182, guid: f12e382c5e2fadd4ab346141be56852f,
        type: 3}
      propertyPath: m_LocalEulerAnglesHint.x
      value: 0
      objectReference: {fileID: 0}
    - target: {fileID: 255644489682878182, guid: f12e382c5e2fadd4ab346141be56852f,
        type: 3}
      propertyPath: m_LocalEulerAnglesHint.y
      value: 0
      objectReference: {fileID: 0}
    - target: {fileID: 255644489682878182, guid: f12e382c5e2fadd4ab346141be56852f,
        type: 3}
      propertyPath: m_LocalEulerAnglesHint.z
      value: 0
      objectReference: {fileID: 0}
    - target: {fileID: 255644489682878182, guid: f12e382c5e2fadd4ab346141be56852f,
        type: 3}
      propertyPath: m_LocalScale.x
      value: -0.3517351
      objectReference: {fileID: 0}
    - target: {fileID: 255644489682878182, guid: f12e382c5e2fadd4ab346141be56852f,
        type: 3}
      propertyPath: m_LocalScale.y
      value: 0.3517351
      objectReference: {fileID: 0}
    - target: {fileID: 255644489682878182, guid: f12e382c5e2fadd4ab346141be56852f,
        type: 3}
      propertyPath: m_LocalScale.z
      value: 0.30668685
      objectReference: {fileID: 0}
    - target: {fileID: 255644489682878201, guid: f12e382c5e2fadd4ab346141be56852f,
        type: 3}
      propertyPath: ColorModule.enabled
      value: 1
      objectReference: {fileID: 0}
    - target: {fileID: 255644489682878203, guid: f12e382c5e2fadd4ab346141be56852f,
        type: 3}
      propertyPath: m_Name
      value: Trail
      objectReference: {fileID: 0}
    m_RemovedComponents: []
  m_SourcePrefab: {fileID: 100100000, guid: f12e382c5e2fadd4ab346141be56852f, type: 3}
--- !u!1001 &1873916886
PrefabInstance:
  m_ObjectHideFlags: 0
  serializedVersion: 2
  m_Modification:
    m_TransformParent: {fileID: 6965418121919631652}
    m_Modifications:
    - target: {fileID: 255644489682878182, guid: f12e382c5e2fadd4ab346141be56852f,
        type: 3}
      propertyPath: m_LocalPosition.x
      value: 15.86
      objectReference: {fileID: 0}
    - target: {fileID: 255644489682878182, guid: f12e382c5e2fadd4ab346141be56852f,
        type: 3}
      propertyPath: m_LocalPosition.y
      value: -0.25
      objectReference: {fileID: 0}
    - target: {fileID: 255644489682878182, guid: f12e382c5e2fadd4ab346141be56852f,
        type: 3}
      propertyPath: m_LocalPosition.z
      value: 6.96
      objectReference: {fileID: 0}
    - target: {fileID: 255644489682878182, guid: f12e382c5e2fadd4ab346141be56852f,
        type: 3}
      propertyPath: m_LocalRotation.x
      value: 0
      objectReference: {fileID: 0}
    - target: {fileID: 255644489682878182, guid: f12e382c5e2fadd4ab346141be56852f,
        type: 3}
      propertyPath: m_LocalRotation.y
      value: 0
      objectReference: {fileID: 0}
    - target: {fileID: 255644489682878182, guid: f12e382c5e2fadd4ab346141be56852f,
        type: 3}
      propertyPath: m_LocalRotation.z
      value: 0
      objectReference: {fileID: 0}
    - target: {fileID: 255644489682878182, guid: f12e382c5e2fadd4ab346141be56852f,
        type: 3}
      propertyPath: m_LocalRotation.w
      value: 1
      objectReference: {fileID: 0}
    - target: {fileID: 255644489682878182, guid: f12e382c5e2fadd4ab346141be56852f,
        type: 3}
      propertyPath: m_RootOrder
      value: 0
      objectReference: {fileID: 0}
    - target: {fileID: 255644489682878182, guid: f12e382c5e2fadd4ab346141be56852f,
        type: 3}
      propertyPath: m_LocalEulerAnglesHint.x
      value: 0
      objectReference: {fileID: 0}
    - target: {fileID: 255644489682878182, guid: f12e382c5e2fadd4ab346141be56852f,
        type: 3}
      propertyPath: m_LocalEulerAnglesHint.y
      value: 0
      objectReference: {fileID: 0}
    - target: {fileID: 255644489682878182, guid: f12e382c5e2fadd4ab346141be56852f,
        type: 3}
      propertyPath: m_LocalEulerAnglesHint.z
      value: 0
      objectReference: {fileID: 0}
    - target: {fileID: 255644489682878203, guid: f12e382c5e2fadd4ab346141be56852f,
        type: 3}
      propertyPath: m_Name
      value: Trail
      objectReference: {fileID: 0}
    m_RemovedComponents: []
  m_SourcePrefab: {fileID: 100100000, guid: f12e382c5e2fadd4ab346141be56852f, type: 3}
--- !u!1001 &2054359157
PrefabInstance:
  m_ObjectHideFlags: 0
  serializedVersion: 2
  m_Modification:
    m_TransformParent: {fileID: 6965418121534658843}
    m_Modifications:
    - target: {fileID: 255644489682878182, guid: f12e382c5e2fadd4ab346141be56852f,
        type: 3}
      propertyPath: m_LocalPosition.x
      value: 15.98
      objectReference: {fileID: 0}
    - target: {fileID: 255644489682878182, guid: f12e382c5e2fadd4ab346141be56852f,
        type: 3}
      propertyPath: m_LocalPosition.y
      value: -0.25000036
      objectReference: {fileID: 0}
    - target: {fileID: 255644489682878182, guid: f12e382c5e2fadd4ab346141be56852f,
        type: 3}
      propertyPath: m_LocalPosition.z
      value: 6.85
      objectReference: {fileID: 0}
    - target: {fileID: 255644489682878182, guid: f12e382c5e2fadd4ab346141be56852f,
        type: 3}
      propertyPath: m_LocalRotation.x
      value: -0
      objectReference: {fileID: 0}
    - target: {fileID: 255644489682878182, guid: f12e382c5e2fadd4ab346141be56852f,
        type: 3}
      propertyPath: m_LocalRotation.y
      value: -0
      objectReference: {fileID: 0}
    - target: {fileID: 255644489682878182, guid: f12e382c5e2fadd4ab346141be56852f,
        type: 3}
      propertyPath: m_LocalRotation.z
      value: -0
      objectReference: {fileID: 0}
    - target: {fileID: 255644489682878182, guid: f12e382c5e2fadd4ab346141be56852f,
        type: 3}
      propertyPath: m_LocalRotation.w
      value: 1
      objectReference: {fileID: 0}
    - target: {fileID: 255644489682878182, guid: f12e382c5e2fadd4ab346141be56852f,
        type: 3}
      propertyPath: m_RootOrder
      value: 0
      objectReference: {fileID: 0}
    - target: {fileID: 255644489682878182, guid: f12e382c5e2fadd4ab346141be56852f,
        type: 3}
      propertyPath: m_LocalEulerAnglesHint.x
      value: 0
      objectReference: {fileID: 0}
    - target: {fileID: 255644489682878182, guid: f12e382c5e2fadd4ab346141be56852f,
        type: 3}
      propertyPath: m_LocalEulerAnglesHint.y
      value: 0
      objectReference: {fileID: 0}
    - target: {fileID: 255644489682878182, guid: f12e382c5e2fadd4ab346141be56852f,
        type: 3}
      propertyPath: m_LocalEulerAnglesHint.z
      value: 0
      objectReference: {fileID: 0}
    - target: {fileID: 255644489682878182, guid: f12e382c5e2fadd4ab346141be56852f,
        type: 3}
      propertyPath: m_LocalScale.x
      value: -1
      objectReference: {fileID: 0}
    - target: {fileID: 255644489682878182, guid: f12e382c5e2fadd4ab346141be56852f,
        type: 3}
      propertyPath: m_LocalScale.y
      value: 1
      objectReference: {fileID: 0}
    - target: {fileID: 255644489682878182, guid: f12e382c5e2fadd4ab346141be56852f,
        type: 3}
      propertyPath: m_LocalScale.z
      value: 1
      objectReference: {fileID: 0}
    - target: {fileID: 255644489682878201, guid: f12e382c5e2fadd4ab346141be56852f,
        type: 3}
      propertyPath: ColorModule.enabled
      value: 1
      objectReference: {fileID: 0}
    - target: {fileID: 255644489682878203, guid: f12e382c5e2fadd4ab346141be56852f,
        type: 3}
      propertyPath: m_Name
      value: Trail
      objectReference: {fileID: 0}
    m_RemovedComponents: []
  m_SourcePrefab: {fileID: 100100000, guid: f12e382c5e2fadd4ab346141be56852f, type: 3}
--- !u!1001 &2724842898984096395
PrefabInstance:
  m_ObjectHideFlags: 0
  serializedVersion: 2
  m_Modification:
    m_TransformParent: {fileID: 2724842900954013043}
    m_Modifications:
    - target: {fileID: -4216859302048453862, guid: a16d09feb533bad4a9650376e323b627,
        type: 3}
      propertyPath: m_LocalPosition.x
      value: 0
      objectReference: {fileID: 0}
    - target: {fileID: -4216859302048453862, guid: a16d09feb533bad4a9650376e323b627,
        type: 3}
      propertyPath: m_LocalPosition.y
      value: -0.87
      objectReference: {fileID: 0}
    - target: {fileID: -4216859302048453862, guid: a16d09feb533bad4a9650376e323b627,
        type: 3}
      propertyPath: m_LocalPosition.z
      value: -20.6
      objectReference: {fileID: 0}
    - target: {fileID: -4216859302048453862, guid: a16d09feb533bad4a9650376e323b627,
        type: 3}
      propertyPath: m_LocalRotation.x
      value: 0
      objectReference: {fileID: 0}
    - target: {fileID: -4216859302048453862, guid: a16d09feb533bad4a9650376e323b627,
        type: 3}
      propertyPath: m_LocalRotation.y
      value: -0
      objectReference: {fileID: 0}
    - target: {fileID: -4216859302048453862, guid: a16d09feb533bad4a9650376e323b627,
        type: 3}
      propertyPath: m_LocalRotation.z
      value: -0
      objectReference: {fileID: 0}
    - target: {fileID: -4216859302048453862, guid: a16d09feb533bad4a9650376e323b627,
        type: 3}
      propertyPath: m_LocalRotation.w
      value: 1
      objectReference: {fileID: 0}
    - target: {fileID: -4216859302048453862, guid: a16d09feb533bad4a9650376e323b627,
        type: 3}
      propertyPath: m_RootOrder
      value: 2
      objectReference: {fileID: 0}
    - target: {fileID: -4216859302048453862, guid: a16d09feb533bad4a9650376e323b627,
        type: 3}
      propertyPath: m_LocalEulerAnglesHint.x
      value: 0
      objectReference: {fileID: 0}
    - target: {fileID: -4216859302048453862, guid: a16d09feb533bad4a9650376e323b627,
        type: 3}
      propertyPath: m_LocalEulerAnglesHint.y
      value: 0
      objectReference: {fileID: 0}
    - target: {fileID: -4216859302048453862, guid: a16d09feb533bad4a9650376e323b627,
        type: 3}
      propertyPath: m_LocalEulerAnglesHint.z
      value: 0
      objectReference: {fileID: 0}
    - target: {fileID: -1617365279978105996, guid: a16d09feb533bad4a9650376e323b627,
        type: 3}
      propertyPath: m_LocalPosition.x
      value: 0
      objectReference: {fileID: 0}
    - target: {fileID: -1617365279978105996, guid: a16d09feb533bad4a9650376e323b627,
        type: 3}
      propertyPath: m_LocalPosition.y
      value: -12.631622
      objectReference: {fileID: 0}
    - target: {fileID: -1504981713932161579, guid: a16d09feb533bad4a9650376e323b627,
        type: 3}
      propertyPath: m_Materials.Array.data[0]
      value: 
      objectReference: {fileID: 2100000, guid: 17f704462942e01488125d7c803add29, type: 2}
    - target: {fileID: -927199367670048503, guid: a16d09feb533bad4a9650376e323b627,
        type: 3}
      propertyPath: m_Name
      value: ZeppelinGondola
      objectReference: {fileID: 0}
    - target: {fileID: -113181020801827196, guid: a16d09feb533bad4a9650376e323b627,
        type: 3}
      propertyPath: m_Materials.Array.data[0]
      value: 
      objectReference: {fileID: 2100000, guid: 61110344a2f6cc842b54acda1f158af4, type: 2}
    - target: {fileID: 1066910053003865102, guid: a16d09feb533bad4a9650376e323b627,
        type: 3}
      propertyPath: m_Materials.Array.data[0]
      value: 
      objectReference: {fileID: 2100000, guid: 61110344a2f6cc842b54acda1f158af4, type: 2}
    - target: {fileID: 1066910053003865102, guid: a16d09feb533bad4a9650376e323b627,
        type: 3}
      propertyPath: m_Enabled
      value: 0
      objectReference: {fileID: 0}
    - target: {fileID: 8833720299871980622, guid: a16d09feb533bad4a9650376e323b627,
        type: 3}
      propertyPath: m_LocalRotation.x
      value: -0
      objectReference: {fileID: 0}
    - target: {fileID: 8833720299871980622, guid: a16d09feb533bad4a9650376e323b627,
        type: 3}
      propertyPath: m_LocalRotation.z
      value: -0.951349
      objectReference: {fileID: 0}
    - target: {fileID: 8833720299871980622, guid: a16d09feb533bad4a9650376e323b627,
        type: 3}
      propertyPath: m_LocalRotation.w
      value: 0.30811545
      objectReference: {fileID: 0}
    - target: {fileID: 8833720299871980622, guid: a16d09feb533bad4a9650376e323b627,
        type: 3}
      propertyPath: m_LocalPosition.x
      value: 8.1
      objectReference: {fileID: 0}
    - target: {fileID: 8833720299871980622, guid: a16d09feb533bad4a9650376e323b627,
        type: 3}
      propertyPath: m_LocalPosition.y
      value: -34.5
      objectReference: {fileID: 0}
    - target: {fileID: 8833720299871980622, guid: a16d09feb533bad4a9650376e323b627,
        type: 3}
      propertyPath: m_LocalPosition.z
      value: -18.75788
      objectReference: {fileID: 0}
    - target: {fileID: 8833720299871980622, guid: a16d09feb533bad4a9650376e323b627,
        type: 3}
      propertyPath: m_LocalEulerAnglesHint.z
      value: -144.10901
      objectReference: {fileID: 0}
    m_RemovedComponents: []
  m_SourcePrefab: {fileID: 100100000, guid: a16d09feb533bad4a9650376e323b627, type: 3}
--- !u!4 &6965418121417521553 stripped
Transform:
  m_CorrespondingSourceObject: {fileID: -4216859302048453862, guid: a16d09feb533bad4a9650376e323b627,
    type: 3}
  m_PrefabInstance: {fileID: 2724842898984096395}
  m_PrefabAsset: {fileID: 0}
--- !u!1001 &2724842899135918593
PrefabInstance:
  m_ObjectHideFlags: 0
  serializedVersion: 2
  m_Modification:
    m_TransformParent: {fileID: 2724842900954013043}
    m_Modifications:
    - target: {fileID: -4216859302048453862, guid: 43c5522ba3fd6f64eb3b34caaa83b746,
        type: 3}
      propertyPath: m_LocalPosition.x
      value: 34.94
      objectReference: {fileID: 0}
    - target: {fileID: -4216859302048453862, guid: 43c5522ba3fd6f64eb3b34caaa83b746,
        type: 3}
      propertyPath: m_LocalPosition.y
      value: -5.5
      objectReference: {fileID: 0}
    - target: {fileID: -4216859302048453862, guid: 43c5522ba3fd6f64eb3b34caaa83b746,
        type: 3}
      propertyPath: m_LocalPosition.z
      value: 66.4
      objectReference: {fileID: 0}
    - target: {fileID: -4216859302048453862, guid: 43c5522ba3fd6f64eb3b34caaa83b746,
        type: 3}
      propertyPath: m_LocalRotation.x
      value: 0
      objectReference: {fileID: 0}
    - target: {fileID: -4216859302048453862, guid: 43c5522ba3fd6f64eb3b34caaa83b746,
        type: 3}
      propertyPath: m_LocalRotation.y
      value: -0
      objectReference: {fileID: 0}
    - target: {fileID: -4216859302048453862, guid: 43c5522ba3fd6f64eb3b34caaa83b746,
        type: 3}
      propertyPath: m_LocalRotation.z
      value: -0
      objectReference: {fileID: 0}
    - target: {fileID: -4216859302048453862, guid: 43c5522ba3fd6f64eb3b34caaa83b746,
        type: 3}
      propertyPath: m_LocalRotation.w
      value: 1
      objectReference: {fileID: 0}
    - target: {fileID: -4216859302048453862, guid: 43c5522ba3fd6f64eb3b34caaa83b746,
        type: 3}
      propertyPath: m_RootOrder
      value: 5
      objectReference: {fileID: 0}
    - target: {fileID: -4216859302048453862, guid: 43c5522ba3fd6f64eb3b34caaa83b746,
        type: 3}
      propertyPath: m_LocalEulerAnglesHint.x
      value: 0
      objectReference: {fileID: 0}
    - target: {fileID: -4216859302048453862, guid: 43c5522ba3fd6f64eb3b34caaa83b746,
        type: 3}
      propertyPath: m_LocalEulerAnglesHint.y
      value: 0
      objectReference: {fileID: 0}
    - target: {fileID: -4216859302048453862, guid: 43c5522ba3fd6f64eb3b34caaa83b746,
        type: 3}
      propertyPath: m_LocalEulerAnglesHint.z
      value: 0
      objectReference: {fileID: 0}
    - target: {fileID: -4216859302048453862, guid: 43c5522ba3fd6f64eb3b34caaa83b746,
        type: 3}
      propertyPath: m_LocalScale.x
      value: 4
      objectReference: {fileID: 0}
    - target: {fileID: -4216859302048453862, guid: 43c5522ba3fd6f64eb3b34caaa83b746,
        type: 3}
      propertyPath: m_LocalScale.y
      value: 4
      objectReference: {fileID: 0}
    - target: {fileID: -4216859302048453862, guid: 43c5522ba3fd6f64eb3b34caaa83b746,
        type: 3}
      propertyPath: m_LocalScale.z
      value: 4
      objectReference: {fileID: 0}
    - target: {fileID: -1504981713932161579, guid: 43c5522ba3fd6f64eb3b34caaa83b746,
        type: 3}
      propertyPath: m_Materials.Array.data[0]
      value: 
      objectReference: {fileID: 2100000, guid: 61110344a2f6cc842b54acda1f158af4, type: 2}
    - target: {fileID: -927199367670048503, guid: 43c5522ba3fd6f64eb3b34caaa83b746,
        type: 3}
      propertyPath: m_Name
      value: Wing (1)
      objectReference: {fileID: 0}
    m_RemovedComponents: []
  m_SourcePrefab: {fileID: 100100000, guid: 43c5522ba3fd6f64eb3b34caaa83b746, type: 3}
--- !u!4 &6965418121534658843 stripped
Transform:
  m_CorrespondingSourceObject: {fileID: -4216859302048453862, guid: 43c5522ba3fd6f64eb3b34caaa83b746,
    type: 3}
  m_PrefabInstance: {fileID: 2724842899135918593}
  m_PrefabAsset: {fileID: 0}
--- !u!1001 &2724842899329963635
PrefabInstance:
  m_ObjectHideFlags: 0
  serializedVersion: 2
  m_Modification:
    m_TransformParent: {fileID: 2724842900954013043}
    m_Modifications:
    - target: {fileID: -4216859302048453862, guid: a5fcd8c8ae59c704882317660a43887f,
        type: 3}
      propertyPath: m_LocalPosition.x
      value: -56.8
      objectReference: {fileID: 0}
    - target: {fileID: -4216859302048453862, guid: a5fcd8c8ae59c704882317660a43887f,
        type: 3}
      propertyPath: m_LocalPosition.y
      value: 133.10281
      objectReference: {fileID: 0}
    - target: {fileID: -4216859302048453862, guid: a5fcd8c8ae59c704882317660a43887f,
        type: 3}
      propertyPath: m_LocalPosition.z
      value: 7.2
      objectReference: {fileID: 0}
    - target: {fileID: -4216859302048453862, guid: a5fcd8c8ae59c704882317660a43887f,
        type: 3}
      propertyPath: m_LocalRotation.x
      value: -0.12674712
      objectReference: {fileID: 0}
    - target: {fileID: -4216859302048453862, guid: a5fcd8c8ae59c704882317660a43887f,
        type: 3}
      propertyPath: m_LocalRotation.y
      value: 0.23389123
      objectReference: {fileID: 0}
    - target: {fileID: -4216859302048453862, guid: a5fcd8c8ae59c704882317660a43887f,
        type: 3}
      propertyPath: m_LocalRotation.z
      value: 0.68042576
      objectReference: {fileID: 0}
    - target: {fileID: -4216859302048453862, guid: a5fcd8c8ae59c704882317660a43887f,
        type: 3}
      propertyPath: m_LocalRotation.w
      value: 0.6828257
      objectReference: {fileID: 0}
    - target: {fileID: -4216859302048453862, guid: a5fcd8c8ae59c704882317660a43887f,
        type: 3}
      propertyPath: m_RootOrder
      value: 4
      objectReference: {fileID: 0}
    - target: {fileID: -4216859302048453862, guid: a5fcd8c8ae59c704882317660a43887f,
        type: 3}
      propertyPath: m_LocalEulerAnglesHint.x
      value: -29.432001
      objectReference: {fileID: 0}
    - target: {fileID: -4216859302048453862, guid: a5fcd8c8ae59c704882317660a43887f,
        type: 3}
      propertyPath: m_LocalEulerAnglesHint.y
      value: 9.712001
      objectReference: {fileID: 0}
    - target: {fileID: -4216859302048453862, guid: a5fcd8c8ae59c704882317660a43887f,
        type: 3}
      propertyPath: m_LocalEulerAnglesHint.z
      value: 87.242004
      objectReference: {fileID: 0}
    - target: {fileID: -4216859302048453862, guid: a5fcd8c8ae59c704882317660a43887f,
        type: 3}
      propertyPath: m_LocalScale.x
      value: 4
      objectReference: {fileID: 0}
    - target: {fileID: -4216859302048453862, guid: a5fcd8c8ae59c704882317660a43887f,
        type: 3}
      propertyPath: m_LocalScale.y
      value: -4
      objectReference: {fileID: 0}
    - target: {fileID: -4216859302048453862, guid: a5fcd8c8ae59c704882317660a43887f,
        type: 3}
      propertyPath: m_LocalScale.z
      value: 4
      objectReference: {fileID: 0}
    - target: {fileID: -1504981713932161579, guid: a5fcd8c8ae59c704882317660a43887f,
        type: 3}
      propertyPath: m_Materials.Array.data[0]
      value: 
      objectReference: {fileID: 2100000, guid: 61110344a2f6cc842b54acda1f158af4, type: 2}
    - target: {fileID: -927199367670048503, guid: a5fcd8c8ae59c704882317660a43887f,
        type: 3}
      propertyPath: m_Name
      value: WingBig (1)
      objectReference: {fileID: 0}
    m_RemovedComponents: []
  m_SourcePrefab: {fileID: 100100000, guid: a5fcd8c8ae59c704882317660a43887f, type: 3}
--- !u!4 &6965418121747725673 stripped
Transform:
  m_CorrespondingSourceObject: {fileID: -4216859302048453862, guid: a5fcd8c8ae59c704882317660a43887f,
    type: 3}
  m_PrefabInstance: {fileID: 2724842899329963635}
  m_PrefabAsset: {fileID: 0}
--- !u!1001 &2724842899485178430
PrefabInstance:
  m_ObjectHideFlags: 0
  serializedVersion: 2
  m_Modification:
    m_TransformParent: {fileID: 2724842900954013043}
    m_Modifications:
    - target: {fileID: -4216859302048453862, guid: 43c5522ba3fd6f64eb3b34caaa83b746,
        type: 3}
      propertyPath: m_LocalPosition.x
      value: -38.4
      objectReference: {fileID: 0}
    - target: {fileID: -4216859302048453862, guid: 43c5522ba3fd6f64eb3b34caaa83b746,
        type: 3}
      propertyPath: m_LocalPosition.y
      value: -5.5000014
      objectReference: {fileID: 0}
    - target: {fileID: -4216859302048453862, guid: 43c5522ba3fd6f64eb3b34caaa83b746,
        type: 3}
      propertyPath: m_LocalPosition.z
      value: 66.4
      objectReference: {fileID: 0}
    - target: {fileID: -4216859302048453862, guid: 43c5522ba3fd6f64eb3b34caaa83b746,
        type: 3}
      propertyPath: m_LocalRotation.x
      value: 0
      objectReference: {fileID: 0}
    - target: {fileID: -4216859302048453862, guid: 43c5522ba3fd6f64eb3b34caaa83b746,
        type: 3}
      propertyPath: m_LocalRotation.y
      value: -0
      objectReference: {fileID: 0}
    - target: {fileID: -4216859302048453862, guid: 43c5522ba3fd6f64eb3b34caaa83b746,
        type: 3}
      propertyPath: m_LocalRotation.z
      value: -0
      objectReference: {fileID: 0}
    - target: {fileID: -4216859302048453862, guid: 43c5522ba3fd6f64eb3b34caaa83b746,
        type: 3}
      propertyPath: m_LocalRotation.w
      value: 1
      objectReference: {fileID: 0}
    - target: {fileID: -4216859302048453862, guid: 43c5522ba3fd6f64eb3b34caaa83b746,
        type: 3}
      propertyPath: m_RootOrder
      value: 6
      objectReference: {fileID: 0}
    - target: {fileID: -4216859302048453862, guid: 43c5522ba3fd6f64eb3b34caaa83b746,
        type: 3}
      propertyPath: m_LocalEulerAnglesHint.x
      value: 0
      objectReference: {fileID: 0}
    - target: {fileID: -4216859302048453862, guid: 43c5522ba3fd6f64eb3b34caaa83b746,
        type: 3}
      propertyPath: m_LocalEulerAnglesHint.y
      value: 0
      objectReference: {fileID: 0}
    - target: {fileID: -4216859302048453862, guid: 43c5522ba3fd6f64eb3b34caaa83b746,
        type: 3}
      propertyPath: m_LocalEulerAnglesHint.z
      value: 0
      objectReference: {fileID: 0}
    - target: {fileID: -4216859302048453862, guid: 43c5522ba3fd6f64eb3b34caaa83b746,
        type: 3}
      propertyPath: m_LocalScale.x
      value: -4
      objectReference: {fileID: 0}
    - target: {fileID: -4216859302048453862, guid: 43c5522ba3fd6f64eb3b34caaa83b746,
        type: 3}
      propertyPath: m_LocalScale.y
      value: 4
      objectReference: {fileID: 0}
    - target: {fileID: -4216859302048453862, guid: 43c5522ba3fd6f64eb3b34caaa83b746,
        type: 3}
      propertyPath: m_LocalScale.z
      value: 4
      objectReference: {fileID: 0}
    - target: {fileID: -1504981713932161579, guid: 43c5522ba3fd6f64eb3b34caaa83b746,
        type: 3}
      propertyPath: m_Materials.Array.data[0]
      value: 
      objectReference: {fileID: 2100000, guid: 61110344a2f6cc842b54acda1f158af4, type: 2}
    - target: {fileID: -927199367670048503, guid: 43c5522ba3fd6f64eb3b34caaa83b746,
        type: 3}
      propertyPath: m_Name
      value: Wing (2)
      objectReference: {fileID: 0}
    m_RemovedComponents: []
  m_SourcePrefab: {fileID: 100100000, guid: 43c5522ba3fd6f64eb3b34caaa83b746, type: 3}
--- !u!4 &6965418121919631652 stripped
Transform:
  m_CorrespondingSourceObject: {fileID: -4216859302048453862, guid: 43c5522ba3fd6f64eb3b34caaa83b746,
    type: 3}
  m_PrefabInstance: {fileID: 2724842899485178430}
  m_PrefabAsset: {fileID: 0}
--- !u!1001 &2724842899983884013
PrefabInstance:
  m_ObjectHideFlags: 0
  serializedVersion: 2
  m_Modification:
    m_TransformParent: {fileID: 2724842900954013043}
    m_Modifications:
    - target: {fileID: -4216859302048453862, guid: a5fcd8c8ae59c704882317660a43887f,
        type: 3}
      propertyPath: m_LocalPosition.x
      value: 59.8
      objectReference: {fileID: 0}
    - target: {fileID: -4216859302048453862, guid: a5fcd8c8ae59c704882317660a43887f,
        type: 3}
      propertyPath: m_LocalPosition.y
      value: 144.15
      objectReference: {fileID: 0}
    - target: {fileID: -4216859302048453862, guid: a5fcd8c8ae59c704882317660a43887f,
        type: 3}
      propertyPath: m_LocalPosition.z
      value: 1.8
      objectReference: {fileID: 0}
    - target: {fileID: -4216859302048453862, guid: a5fcd8c8ae59c704882317660a43887f,
        type: 3}
      propertyPath: m_LocalRotation.x
      value: -0.19545744
      objectReference: {fileID: 0}
    - target: {fileID: -4216859302048453862, guid: a5fcd8c8ae59c704882317660a43887f,
        type: 3}
      propertyPath: m_LocalRotation.y
      value: 0.1626244
      objectReference: {fileID: 0}
    - target: {fileID: -4216859302048453862, guid: a5fcd8c8ae59c704882317660a43887f,
        type: 3}
      propertyPath: m_LocalRotation.z
      value: 0.74345374
      objectReference: {fileID: 0}
    - target: {fileID: -4216859302048453862, guid: a5fcd8c8ae59c704882317660a43887f,
        type: 3}
      propertyPath: m_LocalRotation.w
      value: 0.6185679
      objectReference: {fileID: 0}
    - target: {fileID: -4216859302048453862, guid: a5fcd8c8ae59c704882317660a43887f,
        type: 3}
      propertyPath: m_RootOrder
      value: 3
      objectReference: {fileID: 0}
    - target: {fileID: -4216859302048453862, guid: a5fcd8c8ae59c704882317660a43887f,
        type: 3}
      propertyPath: m_LocalEulerAnglesHint.x
      value: -28.922
      objectReference: {fileID: 0}
    - target: {fileID: -4216859302048453862, guid: a5fcd8c8ae59c704882317660a43887f,
        type: 3}
      propertyPath: m_LocalEulerAnglesHint.y
      value: -5.8650002
      objectReference: {fileID: 0}
    - target: {fileID: -4216859302048453862, guid: a5fcd8c8ae59c704882317660a43887f,
        type: 3}
      propertyPath: m_LocalEulerAnglesHint.z
      value: 101.992004
      objectReference: {fileID: 0}
    - target: {fileID: -4216859302048453862, guid: a5fcd8c8ae59c704882317660a43887f,
        type: 3}
      propertyPath: m_LocalScale.x
      value: 4
      objectReference: {fileID: 0}
    - target: {fileID: -4216859302048453862, guid: a5fcd8c8ae59c704882317660a43887f,
        type: 3}
      propertyPath: m_LocalScale.y
      value: 4
      objectReference: {fileID: 0}
    - target: {fileID: -4216859302048453862, guid: a5fcd8c8ae59c704882317660a43887f,
        type: 3}
      propertyPath: m_LocalScale.z
      value: 4
      objectReference: {fileID: 0}
    - target: {fileID: -1504981713932161579, guid: a5fcd8c8ae59c704882317660a43887f,
        type: 3}
      propertyPath: m_Materials.Array.data[0]
      value: 
      objectReference: {fileID: 2100000, guid: 61110344a2f6cc842b54acda1f158af4, type: 2}
    - target: {fileID: -927199367670048503, guid: a5fcd8c8ae59c704882317660a43887f,
        type: 3}
      propertyPath: m_Name
      value: WingBig
      objectReference: {fileID: 0}
    m_RemovedComponents: []
  m_SourcePrefab: {fileID: 100100000, guid: a5fcd8c8ae59c704882317660a43887f, type: 3}
--- !u!4 &6965418122435196407 stripped
Transform:
  m_CorrespondingSourceObject: {fileID: -4216859302048453862, guid: a5fcd8c8ae59c704882317660a43887f,
    type: 3}
  m_PrefabInstance: {fileID: 2724842899983884013}
  m_PrefabAsset: {fileID: 0}
--- !u!1001 &2724842900031065008
PrefabInstance:
  m_ObjectHideFlags: 0
  serializedVersion: 2
  m_Modification:
    m_TransformParent: {fileID: 2724842900954013043}
    m_Modifications:
    - target: {fileID: -4216859302048453862, guid: 43c5522ba3fd6f64eb3b34caaa83b746,
        type: 3}
      propertyPath: m_LocalPosition.x
      value: 0
      objectReference: {fileID: 0}
    - target: {fileID: -4216859302048453862, guid: 43c5522ba3fd6f64eb3b34caaa83b746,
        type: 3}
      propertyPath: m_LocalPosition.y
      value: 159.54999
      objectReference: {fileID: 0}
    - target: {fileID: -4216859302048453862, guid: 43c5522ba3fd6f64eb3b34caaa83b746,
        type: 3}
      propertyPath: m_LocalPosition.z
      value: 166.4
      objectReference: {fileID: 0}
    - target: {fileID: -4216859302048453862, guid: 43c5522ba3fd6f64eb3b34caaa83b746,
        type: 3}
      propertyPath: m_LocalRotation.x
      value: 0
      objectReference: {fileID: 0}
    - target: {fileID: -4216859302048453862, guid: 43c5522ba3fd6f64eb3b34caaa83b746,
        type: 3}
      propertyPath: m_LocalRotation.y
      value: 0
      objectReference: {fileID: 0}
    - target: {fileID: -4216859302048453862, guid: 43c5522ba3fd6f64eb3b34caaa83b746,
        type: 3}
      propertyPath: m_LocalRotation.z
      value: 0.7071068
      objectReference: {fileID: 0}
    - target: {fileID: -4216859302048453862, guid: 43c5522ba3fd6f64eb3b34caaa83b746,
        type: 3}
      propertyPath: m_LocalRotation.w
      value: 0.7071068
      objectReference: {fileID: 0}
    - target: {fileID: -4216859302048453862, guid: 43c5522ba3fd6f64eb3b34caaa83b746,
        type: 3}
      propertyPath: m_RootOrder
      value: 0
      objectReference: {fileID: 0}
    - target: {fileID: -4216859302048453862, guid: 43c5522ba3fd6f64eb3b34caaa83b746,
        type: 3}
      propertyPath: m_LocalEulerAnglesHint.x
      value: 0
      objectReference: {fileID: 0}
    - target: {fileID: -4216859302048453862, guid: 43c5522ba3fd6f64eb3b34caaa83b746,
        type: 3}
      propertyPath: m_LocalEulerAnglesHint.y
      value: 0
      objectReference: {fileID: 0}
    - target: {fileID: -4216859302048453862, guid: 43c5522ba3fd6f64eb3b34caaa83b746,
        type: 3}
      propertyPath: m_LocalEulerAnglesHint.z
      value: 90
      objectReference: {fileID: 0}
    - target: {fileID: -4216859302048453862, guid: 43c5522ba3fd6f64eb3b34caaa83b746,
        type: 3}
      propertyPath: m_LocalScale.x
      value: 5
      objectReference: {fileID: 0}
    - target: {fileID: -4216859302048453862, guid: 43c5522ba3fd6f64eb3b34caaa83b746,
        type: 3}
      propertyPath: m_LocalScale.y
      value: 5
      objectReference: {fileID: 0}
    - target: {fileID: -4216859302048453862, guid: 43c5522ba3fd6f64eb3b34caaa83b746,
        type: 3}
      propertyPath: m_LocalScale.z
      value: 5
      objectReference: {fileID: 0}
    - target: {fileID: -1504981713932161579, guid: 43c5522ba3fd6f64eb3b34caaa83b746,
        type: 3}
      propertyPath: m_Materials.Array.data[0]
      value: 
      objectReference: {fileID: 2100000, guid: 61110344a2f6cc842b54acda1f158af4, type: 2}
    - target: {fileID: -927199367670048503, guid: 43c5522ba3fd6f64eb3b34caaa83b746,
        type: 3}
      propertyPath: m_Name
      value: Wing
      objectReference: {fileID: 0}
    m_RemovedComponents: []
  m_SourcePrefab: {fileID: 100100000, guid: 43c5522ba3fd6f64eb3b34caaa83b746, type: 3}
--- !u!4 &6965418122446725290 stripped
Transform:
  m_CorrespondingSourceObject: {fileID: -4216859302048453862, guid: 43c5522ba3fd6f64eb3b34caaa83b746,
    type: 3}
  m_PrefabInstance: {fileID: 2724842900031065008}
  m_PrefabAsset: {fileID: 0}
--- !u!1001 &2724842900095560314
PrefabInstance:
  m_ObjectHideFlags: 0
  serializedVersion: 2
  m_Modification:
    m_TransformParent: {fileID: 2724842900954013043}
    m_Modifications:
    - target: {fileID: -4216859302048453862, guid: b9dfab7e8f8ba9b4588afce8d37951dd,
        type: 3}
      propertyPath: m_LocalPosition.x
      value: 0
      objectReference: {fileID: 0}
    - target: {fileID: -4216859302048453862, guid: b9dfab7e8f8ba9b4588afce8d37951dd,
        type: 3}
      propertyPath: m_LocalPosition.y
      value: 145.35
      objectReference: {fileID: 0}
    - target: {fileID: -4216859302048453862, guid: b9dfab7e8f8ba9b4588afce8d37951dd,
        type: 3}
      propertyPath: m_LocalPosition.z
      value: 0
      objectReference: {fileID: 0}
    - target: {fileID: -4216859302048453862, guid: b9dfab7e8f8ba9b4588afce8d37951dd,
        type: 3}
      propertyPath: m_LocalRotation.x
      value: 0.7071068
      objectReference: {fileID: 0}
    - target: {fileID: -4216859302048453862, guid: b9dfab7e8f8ba9b4588afce8d37951dd,
        type: 3}
      propertyPath: m_LocalRotation.y
      value: -0
      objectReference: {fileID: 0}
    - target: {fileID: -4216859302048453862, guid: b9dfab7e8f8ba9b4588afce8d37951dd,
        type: 3}
      propertyPath: m_LocalRotation.z
      value: -0
      objectReference: {fileID: 0}
    - target: {fileID: -4216859302048453862, guid: b9dfab7e8f8ba9b4588afce8d37951dd,
        type: 3}
      propertyPath: m_LocalRotation.w
      value: 0.7071067
      objectReference: {fileID: 0}
    - target: {fileID: -4216859302048453862, guid: b9dfab7e8f8ba9b4588afce8d37951dd,
        type: 3}
      propertyPath: m_RootOrder
      value: 1
      objectReference: {fileID: 0}
    - target: {fileID: -4216859302048453862, guid: b9dfab7e8f8ba9b4588afce8d37951dd,
        type: 3}
      propertyPath: m_LocalEulerAnglesHint.x
      value: 0
      objectReference: {fileID: 0}
    - target: {fileID: -4216859302048453862, guid: b9dfab7e8f8ba9b4588afce8d37951dd,
        type: 3}
      propertyPath: m_LocalEulerAnglesHint.y
      value: 0
      objectReference: {fileID: 0}
    - target: {fileID: -4216859302048453862, guid: b9dfab7e8f8ba9b4588afce8d37951dd,
        type: 3}
      propertyPath: m_LocalEulerAnglesHint.z
      value: 0
      objectReference: {fileID: 0}
    - target: {fileID: -4216859302048453862, guid: b9dfab7e8f8ba9b4588afce8d37951dd,
        type: 3}
      propertyPath: m_LocalScale.y
      value: -23.00651
      objectReference: {fileID: 0}
    - target: {fileID: -4216859302048453862, guid: b9dfab7e8f8ba9b4588afce8d37951dd,
        type: 3}
      propertyPath: m_LocalScale.z
      value: -23.00651
      objectReference: {fileID: 0}
    - target: {fileID: -1504981713932161579, guid: b9dfab7e8f8ba9b4588afce8d37951dd,
        type: 3}
      propertyPath: m_Materials.Array.data[0]
      value: 
      objectReference: {fileID: 2100000, guid: 61110344a2f6cc842b54acda1f158af4, type: 2}
    - target: {fileID: -927199367670048503, guid: b9dfab7e8f8ba9b4588afce8d37951dd,
        type: 3}
      propertyPath: m_Name
      value: ZeppelinBody
      objectReference: {fileID: 0}
    m_RemovedComponents: []
  m_SourcePrefab: {fileID: 100100000, guid: b9dfab7e8f8ba9b4588afce8d37951dd, type: 3}
--- !u!4 &6965418122529030496 stripped
Transform:
  m_CorrespondingSourceObject: {fileID: -4216859302048453862, guid: b9dfab7e8f8ba9b4588afce8d37951dd,
    type: 3}
  m_PrefabInstance: {fileID: 2724842900095560314}
  m_PrefabAsset: {fileID: 0}
--- !u!1001 &7992358409956185262
PrefabInstance:
  m_ObjectHideFlags: 0
  serializedVersion: 2
  m_Modification:
    m_TransformParent: {fileID: 6965418121417521553}
    m_Modifications:
    - target: {fileID: 1221136623369523620, guid: b9dba9b470132544c93d002c9c48d993,
        type: 3}
      propertyPath: m_LocalPosition.x
      value: 0
      objectReference: {fileID: 0}
    - target: {fileID: 1221136623369523620, guid: b9dba9b470132544c93d002c9c48d993,
        type: 3}
      propertyPath: m_LocalPosition.y
      value: -0.6
      objectReference: {fileID: 0}
    - target: {fileID: 1221136623369523620, guid: b9dba9b470132544c93d002c9c48d993,
        type: 3}
      propertyPath: m_LocalPosition.z
      value: 149.4
      objectReference: {fileID: 0}
    - target: {fileID: 1221136623369523620, guid: b9dba9b470132544c93d002c9c48d993,
        type: 3}
      propertyPath: m_LocalRotation.x
      value: 0.7071068
      objectReference: {fileID: 0}
    - target: {fileID: 1221136623369523620, guid: b9dba9b470132544c93d002c9c48d993,
        type: 3}
      propertyPath: m_LocalRotation.y
      value: 0
      objectReference: {fileID: 0}
    - target: {fileID: 1221136623369523620, guid: b9dba9b470132544c93d002c9c48d993,
        type: 3}
      propertyPath: m_LocalRotation.z
      value: 0
      objectReference: {fileID: 0}
    - target: {fileID: 1221136623369523620, guid: b9dba9b470132544c93d002c9c48d993,
        type: 3}
      propertyPath: m_LocalRotation.w
      value: 0.7071068
      objectReference: {fileID: 0}
    - target: {fileID: 1221136623369523620, guid: b9dba9b470132544c93d002c9c48d993,
        type: 3}
      propertyPath: m_RootOrder
      value: 0
      objectReference: {fileID: 0}
    - target: {fileID: 1221136623369523620, guid: b9dba9b470132544c93d002c9c48d993,
        type: 3}
      propertyPath: m_LocalEulerAnglesHint.x
      value: 90
      objectReference: {fileID: 0}
    - target: {fileID: 1221136623369523620, guid: b9dba9b470132544c93d002c9c48d993,
        type: 3}
      propertyPath: m_LocalEulerAnglesHint.y
      value: 0
      objectReference: {fileID: 0}
    - target: {fileID: 1221136623369523620, guid: b9dba9b470132544c93d002c9c48d993,
        type: 3}
      propertyPath: m_LocalEulerAnglesHint.z
      value: 0
      objectReference: {fileID: 0}
    - target: {fileID: 1221136623369523622, guid: b9dba9b470132544c93d002c9c48d993,
        type: 3}
      propertyPath: m_Name
      value: Rotor
      objectReference: {fileID: 0}
    m_RemovedComponents: []
  m_SourcePrefab: {fileID: 100100000, guid: b9dba9b470132544c93d002c9c48d993, type: 3}
--- !u!4 &4279090502939198580 stripped
Transform:
  m_CorrespondingSourceObject: {fileID: 6163437245181923546, guid: b9dba9b470132544c93d002c9c48d993,
    type: 3}
  m_PrefabInstance: {fileID: 7992358409956185262}
  m_PrefabAsset: {fileID: 0}
