%YAML 1.1
%TAG !u! tag:unity3d.com,2011:
--- !u!29 &1
OcclusionCullingSettings:
  m_ObjectHideFlags: 0
  serializedVersion: 2
  m_OcclusionBakeSettings:
    smallestOccluder: 5
    smallestHole: 0.25
    backfaceThreshold: 100
  m_SceneGUID: 00000000000000000000000000000000
  m_OcclusionCullingData: {fileID: 0}
--- !u!104 &2
RenderSettings:
  m_ObjectHideFlags: 0
  serializedVersion: 9
  m_Fog: 0
  m_FogColor: {r: 0.5, g: 0.5, b: 0.5, a: 1}
  m_FogMode: 3
  m_FogDensity: 0.01
  m_LinearFogStart: 0
  m_LinearFogEnd: 300
  m_AmbientSkyColor: {r: 0.212, g: 0.227, b: 0.259, a: 1}
  m_AmbientEquatorColor: {r: 0.114, g: 0.125, b: 0.133, a: 1}
  m_AmbientGroundColor: {r: 0.047, g: 0.043, b: 0.035, a: 1}
  m_AmbientIntensity: 1
  m_AmbientMode: 0
  m_SubtractiveShadowColor: {r: 0.42, g: 0.478, b: 0.627, a: 1}
  m_SkyboxMaterial: {fileID: 2100000, guid: 0ffaa0b7117ba8c47a9d05ae701d4b4d, type: 2}
  m_HaloStrength: 0.5
  m_FlareStrength: 1
  m_FlareFadeSpeed: 3
  m_HaloTexture: {fileID: 0}
  m_SpotCookie: {fileID: 10001, guid: 0000000000000000e000000000000000, type: 0}
  m_DefaultReflectionMode: 0
  m_DefaultReflectionResolution: 128
  m_ReflectionBounces: 1
  m_ReflectionIntensity: 1
  m_CustomReflection: {fileID: 0}
  m_Sun: {fileID: 0}
  m_IndirectSpecularColor: {r: 0, g: 0, b: 0, a: 1}
  m_UseRadianceAmbientProbe: 0
--- !u!157 &3
LightmapSettings:
  m_ObjectHideFlags: 0
  serializedVersion: 11
  m_GIWorkflowMode: 1
  m_GISettings:
    serializedVersion: 2
    m_BounceScale: 1
    m_IndirectOutputScale: 1
    m_AlbedoBoost: 1
    m_EnvironmentLightingMode: 0
    m_EnableBakedLightmaps: 1
    m_EnableRealtimeLightmaps: 0
  m_LightmapEditorSettings:
    serializedVersion: 12
    m_Resolution: 2
    m_BakeResolution: 40
    m_AtlasSize: 1024
    m_AO: 0
    m_AOMaxDistance: 1
    m_CompAOExponent: 1
    m_CompAOExponentDirect: 0
    m_ExtractAmbientOcclusion: 0
    m_Padding: 2
    m_LightmapParameters: {fileID: 0}
    m_LightmapsBakeMode: 1
    m_TextureCompression: 1
    m_FinalGather: 0
    m_FinalGatherFiltering: 1
    m_FinalGatherRayCount: 256
    m_ReflectionCompression: 2
    m_MixedBakeMode: 2
    m_BakeBackend: 1
    m_PVRSampling: 1
    m_PVRDirectSampleCount: 32
    m_PVRSampleCount: 512
    m_PVRBounces: 2
    m_PVREnvironmentSampleCount: 256
    m_PVREnvironmentReferencePointCount: 2048
    m_PVRFilteringMode: 1
    m_PVRDenoiserTypeDirect: 1
    m_PVRDenoiserTypeIndirect: 1
    m_PVRDenoiserTypeAO: 1
    m_PVRFilterTypeDirect: 0
    m_PVRFilterTypeIndirect: 0
    m_PVRFilterTypeAO: 0
    m_PVREnvironmentMIS: 1
    m_PVRCulling: 1
    m_PVRFilteringGaussRadiusDirect: 1
    m_PVRFilteringGaussRadiusIndirect: 5
    m_PVRFilteringGaussRadiusAO: 2
    m_PVRFilteringAtrousPositionSigmaDirect: 0.5
    m_PVRFilteringAtrousPositionSigmaIndirect: 2
    m_PVRFilteringAtrousPositionSigmaAO: 1
    m_ExportTrainingData: 0
    m_TrainingDataDestination: TrainingData
    m_LightProbeSampleCountMultiplier: 4
  m_LightingDataAsset: {fileID: 0}
  m_UseShadowmask: 1
--- !u!196 &4
NavMeshSettings:
  serializedVersion: 2
  m_ObjectHideFlags: 0
  m_BuildSettings:
    serializedVersion: 2
    agentTypeID: 0
    agentRadius: 0.5
    agentHeight: 2
    agentSlope: 45
    agentClimb: 0.4
    ledgeDropHeight: 0
    maxJumpAcrossDistance: 0
    minRegionArea: 2
    manualCellSize: 0
    cellSize: 0.16666667
    manualTileSize: 0
    tileSize: 256
    accuratePlacement: 0
    debug:
      m_Flags: 0
  m_NavMeshData: {fileID: 0}
--- !u!1 &307696424 stripped
GameObject:
  m_CorrespondingSourceObject: {fileID: 7770487937707664809, guid: e316dfc6737664a48b9debbdb2469ea3,
    type: 3}
  m_PrefabInstance: {fileID: 7417264075393295586}
  m_PrefabAsset: {fileID: 0}
--- !u!1 &565059167
GameObject:
  m_ObjectHideFlags: 0
  m_CorrespondingSourceObject: {fileID: 0}
  m_PrefabInstance: {fileID: 0}
  m_PrefabAsset: {fileID: 0}
  serializedVersion: 6
  m_Component:
  - component: {fileID: 565059169}
  - component: {fileID: 565059168}
  m_Layer: 0
  m_Name: Directional Light
  m_TagString: Untagged
  m_Icon: {fileID: 0}
  m_NavMeshLayer: 0
  m_StaticEditorFlags: 0
  m_IsActive: 1
--- !u!108 &565059168
Light:
  m_ObjectHideFlags: 0
  m_CorrespondingSourceObject: {fileID: 0}
  m_PrefabInstance: {fileID: 0}
  m_PrefabAsset: {fileID: 0}
  m_GameObject: {fileID: 565059167}
  m_Enabled: 1
  serializedVersion: 10
  m_Type: 1
  m_Shape: 0
  m_Color: {r: 1, g: 0.95686275, b: 0.8392157, a: 1}
  m_Intensity: 1
  m_Range: 10
  m_SpotAngle: 30
  m_InnerSpotAngle: 21.80208
  m_CookieSize: 10
  m_Shadows:
    m_Type: 2
    m_Resolution: -1
    m_CustomResolution: -1
    m_Strength: 1
    m_Bias: 0.05
    m_NormalBias: 0.4
    m_NearPlane: 0.2
    m_CullingMatrixOverride:
      e00: 1
      e01: 0
      e02: 0
      e03: 0
      e10: 0
      e11: 1
      e12: 0
      e13: 0
      e20: 0
      e21: 0
      e22: 1
      e23: 0
      e30: 0
      e31: 0
      e32: 0
      e33: 1
    m_UseCullingMatrixOverride: 0
  m_Cookie: {fileID: 0}
  m_DrawHalo: 0
  m_Flare: {fileID: 0}
  m_RenderMode: 0
  m_CullingMask:
    serializedVersion: 2
    m_Bits: 4294967295
  m_RenderingLayerMask: 1
  m_Lightmapping: 4
  m_LightShadowCasterMode: 0
  m_AreaSize: {x: 1, y: 1}
  m_BounceIntensity: 1
  m_ColorTemperature: 6570
  m_UseColorTemperature: 0
  m_BoundingSphereOverride: {x: 0, y: 0, z: 0, w: 0}
  m_UseBoundingSphereOverride: 0
  m_ShadowRadius: 0
  m_ShadowAngle: 0
--- !u!4 &565059169
Transform:
  m_ObjectHideFlags: 0
  m_CorrespondingSourceObject: {fileID: 0}
  m_PrefabInstance: {fileID: 0}
  m_PrefabAsset: {fileID: 0}
  m_GameObject: {fileID: 565059167}
  m_LocalRotation: {x: 0.35965952, y: 0.22359812, z: -0.0892066, w: 0.9014938}
  m_LocalPosition: {x: -18.11, y: 3, z: 9.57}
  m_LocalScale: {x: 1, y: 1, z: 1}
  m_Children: []
  m_Father: {fileID: 0}
  m_RootOrder: 0
  m_LocalEulerAnglesHint: {x: 43.5, y: 27.86, z: 0}
--- !u!198 &997603117 stripped
ParticleSystem:
  m_CorrespondingSourceObject: {fileID: 7305772286325600158, guid: e316dfc6737664a48b9debbdb2469ea3,
    type: 3}
  m_PrefabInstance: {fileID: 7417264075393295586}
  m_PrefabAsset: {fileID: 0}
--- !u!198 &997603118 stripped
ParticleSystem:
  m_CorrespondingSourceObject: {fileID: 7305772285735325081, guid: e316dfc6737664a48b9debbdb2469ea3,
    type: 3}
  m_PrefabInstance: {fileID: 7417264075393295586}
  m_PrefabAsset: {fileID: 0}
--- !u!198 &997603119 stripped
ParticleSystem:
  m_CorrespondingSourceObject: {fileID: 7305772285305528033, guid: e316dfc6737664a48b9debbdb2469ea3,
    type: 3}
  m_PrefabInstance: {fileID: 7417264075393295586}
  m_PrefabAsset: {fileID: 0}
--- !u!198 &997603120 stripped
ParticleSystem:
  m_CorrespondingSourceObject: {fileID: 7305772285449156506, guid: e316dfc6737664a48b9debbdb2469ea3,
    type: 3}
  m_PrefabInstance: {fileID: 7417264075393295586}
  m_PrefabAsset: {fileID: 0}
--- !u!198 &997603121 stripped
ParticleSystem:
  m_CorrespondingSourceObject: {fileID: 7305772285386772943, guid: e316dfc6737664a48b9debbdb2469ea3,
    type: 3}
  m_PrefabInstance: {fileID: 7417264075393295586}
  m_PrefabAsset: {fileID: 0}
--- !u!198 &997603122 stripped
ParticleSystem:
  m_CorrespondingSourceObject: {fileID: 7305772286374878800, guid: e316dfc6737664a48b9debbdb2469ea3,
    type: 3}
  m_PrefabInstance: {fileID: 7417264075393295586}
  m_PrefabAsset: {fileID: 0}
--- !u!198 &997603123 stripped
ParticleSystem:
  m_CorrespondingSourceObject: {fileID: 7305772285083067714, guid: e316dfc6737664a48b9debbdb2469ea3,
    type: 3}
  m_PrefabInstance: {fileID: 7417264075393295586}
  m_PrefabAsset: {fileID: 0}
--- !u!198 &997603124 stripped
ParticleSystem:
  m_CorrespondingSourceObject: {fileID: 7305772285926980765, guid: e316dfc6737664a48b9debbdb2469ea3,
    type: 3}
  m_PrefabInstance: {fileID: 7417264075393295586}
  m_PrefabAsset: {fileID: 0}
--- !u!198 &997603125 stripped
ParticleSystem:
  m_CorrespondingSourceObject: {fileID: 7305772285715088442, guid: e316dfc6737664a48b9debbdb2469ea3,
    type: 3}
  m_PrefabInstance: {fileID: 7417264075393295586}
  m_PrefabAsset: {fileID: 0}
--- !u!198 &997603126 stripped
ParticleSystem:
  m_CorrespondingSourceObject: {fileID: 7305772285252344234, guid: e316dfc6737664a48b9debbdb2469ea3,
    type: 3}
  m_PrefabInstance: {fileID: 7417264075393295586}
  m_PrefabAsset: {fileID: 0}
--- !u!198 &997603127 stripped
ParticleSystem:
  m_CorrespondingSourceObject: {fileID: 7305772286773332853, guid: e316dfc6737664a48b9debbdb2469ea3,
    type: 3}
  m_PrefabInstance: {fileID: 7417264075393295586}
  m_PrefabAsset: {fileID: 0}
--- !u!114 &1408048758 stripped
MonoBehaviour:
  m_CorrespondingSourceObject: {fileID: 1190493647916212330, guid: 23c09a6d04c44a14cb1141d4709ea92f,
    type: 3}
  m_PrefabInstance: {fileID: 1501114673401026081}
  m_PrefabAsset: {fileID: 0}
  m_GameObject: {fileID: 0}
  m_Enabled: 1
  m_EditorHideFlags: 0
  m_Script: {fileID: 11500000, guid: 668b3e8e9bf4d26dfbd9be4697ef6c01, type: 3}
  m_Name: 
  m_EditorClassIdentifier: 
--- !u!114 &1673052004 stripped
MonoBehaviour:
  m_CorrespondingSourceObject: {fileID: 3491268962399772641, guid: 23c09a6d04c44a14cb1141d4709ea92f,
    type: 3}
  m_PrefabInstance: {fileID: 1501114673401026081}
  m_PrefabAsset: {fileID: 0}
  m_GameObject: {fileID: 0}
  m_Enabled: 1
  m_EditorHideFlags: 0
  m_Script: {fileID: 11500000, guid: 6e62c849f977f70409bed045852ecd09, type: 3}
  m_Name: 
  m_EditorClassIdentifier: 
--- !u!198 &1898077588 stripped
ParticleSystem:
  m_CorrespondingSourceObject: {fileID: 7305772285984384136, guid: e316dfc6737664a48b9debbdb2469ea3,
    type: 3}
  m_PrefabInstance: {fileID: 7417264075393295586}
  m_PrefabAsset: {fileID: 0}
--- !u!1001 &1501114673401026081
PrefabInstance:
  m_ObjectHideFlags: 0
  serializedVersion: 2
  m_Modification:
    m_TransformParent: {fileID: 0}
    m_Modifications:
    - target: {fileID: 1501114673233124016, guid: 23c09a6d04c44a14cb1141d4709ea92f,
        type: 3}
      propertyPath: rotor1
      value: 
      objectReference: {fileID: 307696424}
    - target: {fileID: 1501114673841138836, guid: 23c09a6d04c44a14cb1141d4709ea92f,
        type: 3}
      propertyPath: m_Name
      value: Manager
      objectReference: {fileID: 0}
    - target: {fileID: 1501114673841138839, guid: 23c09a6d04c44a14cb1141d4709ea92f,
        type: 3}
      propertyPath: m_LocalPosition.x
      value: 0
      objectReference: {fileID: 0}
    - target: {fileID: 1501114673841138839, guid: 23c09a6d04c44a14cb1141d4709ea92f,
        type: 3}
      propertyPath: m_LocalPosition.y
      value: 0
      objectReference: {fileID: 0}
    - target: {fileID: 1501114673841138839, guid: 23c09a6d04c44a14cb1141d4709ea92f,
        type: 3}
      propertyPath: m_LocalPosition.z
      value: 0
      objectReference: {fileID: 0}
    - target: {fileID: 1501114673841138839, guid: 23c09a6d04c44a14cb1141d4709ea92f,
        type: 3}
      propertyPath: m_LocalRotation.x
      value: 0
      objectReference: {fileID: 0}
    - target: {fileID: 1501114673841138839, guid: 23c09a6d04c44a14cb1141d4709ea92f,
        type: 3}
      propertyPath: m_LocalRotation.y
      value: 0
      objectReference: {fileID: 0}
    - target: {fileID: 1501114673841138839, guid: 23c09a6d04c44a14cb1141d4709ea92f,
        type: 3}
      propertyPath: m_LocalRotation.z
      value: 0
      objectReference: {fileID: 0}
    - target: {fileID: 1501114673841138839, guid: 23c09a6d04c44a14cb1141d4709ea92f,
        type: 3}
      propertyPath: m_LocalRotation.w
      value: 1
      objectReference: {fileID: 0}
    - target: {fileID: 1501114673841138839, guid: 23c09a6d04c44a14cb1141d4709ea92f,
        type: 3}
      propertyPath: m_RootOrder
      value: 3
      objectReference: {fileID: 0}
    - target: {fileID: 1501114673841138839, guid: 23c09a6d04c44a14cb1141d4709ea92f,
        type: 3}
      propertyPath: m_LocalEulerAnglesHint.x
      value: 0
      objectReference: {fileID: 0}
    - target: {fileID: 1501114673841138839, guid: 23c09a6d04c44a14cb1141d4709ea92f,
        type: 3}
      propertyPath: m_LocalEulerAnglesHint.y
      value: 0
      objectReference: {fileID: 0}
    - target: {fileID: 1501114673841138839, guid: 23c09a6d04c44a14cb1141d4709ea92f,
        type: 3}
      propertyPath: m_LocalEulerAnglesHint.z
      value: 0
      objectReference: {fileID: 0}
    - target: {fileID: 2647230831646585136, guid: 23c09a6d04c44a14cb1141d4709ea92f,
        type: 3}
      propertyPath: m_AnchorMax.x
      value: 0
      objectReference: {fileID: 0}
    - target: {fileID: 2647230831646585136, guid: 23c09a6d04c44a14cb1141d4709ea92f,
        type: 3}
      propertyPath: m_AnchorMax.y
      value: 0
      objectReference: {fileID: 0}
    - target: {fileID: 2647230831646585136, guid: 23c09a6d04c44a14cb1141d4709ea92f,
        type: 3}
      propertyPath: m_SizeDelta.x
      value: 0
      objectReference: {fileID: 0}
    - target: {fileID: 2647230831674724080, guid: 23c09a6d04c44a14cb1141d4709ea92f,
        type: 3}
      propertyPath: m_AnchorMax.x
      value: 0
      objectReference: {fileID: 0}
    - target: {fileID: 2647230831674724080, guid: 23c09a6d04c44a14cb1141d4709ea92f,
        type: 3}
      propertyPath: m_AnchorMax.y
      value: 0
      objectReference: {fileID: 0}
    - target: {fileID: 2647230831674724080, guid: 23c09a6d04c44a14cb1141d4709ea92f,
        type: 3}
      propertyPath: m_SizeDelta.x
      value: 0
      objectReference: {fileID: 0}
    - target: {fileID: 6900522885210186117, guid: 23c09a6d04c44a14cb1141d4709ea92f,
        type: 3}
      propertyPath: trails.Array.data[1]
      value: 
      objectReference: {fileID: 997603123}
    - target: {fileID: 6900522885210186117, guid: 23c09a6d04c44a14cb1141d4709ea92f,
        type: 3}
      propertyPath: trails.Array.data[2]
      value: 
      objectReference: {fileID: 997603122}
    - target: {fileID: 6900522885210186117, guid: 23c09a6d04c44a14cb1141d4709ea92f,
        type: 3}
      propertyPath: trails.Array.data[3]
      value: 
      objectReference: {fileID: 997603121}
    - target: {fileID: 6900522885210186117, guid: 23c09a6d04c44a14cb1141d4709ea92f,
        type: 3}
      propertyPath: trails.Array.data[4]
      value: 
      objectReference: {fileID: 997603120}
    - target: {fileID: 6900522885210186117, guid: 23c09a6d04c44a14cb1141d4709ea92f,
        type: 3}
      propertyPath: trails.Array.data[5]
      value: 
      objectReference: {fileID: 997603119}
    - target: {fileID: 6900522885210186117, guid: 23c09a6d04c44a14cb1141d4709ea92f,
        type: 3}
      propertyPath: trails.Array.data[6]
      value: 
      objectReference: {fileID: 1898077588}
    - target: {fileID: 6900522885210186117, guid: 23c09a6d04c44a14cb1141d4709ea92f,
        type: 3}
      propertyPath: trails.Array.data[7]
      value: 
      objectReference: {fileID: 997603118}
    - target: {fileID: 6900522885210186117, guid: 23c09a6d04c44a14cb1141d4709ea92f,
        type: 3}
      propertyPath: trails.Array.data[8]
      value: 
      objectReference: {fileID: 997603117}
    - target: {fileID: 6900522885210186117, guid: 23c09a6d04c44a14cb1141d4709ea92f,
        type: 3}
      propertyPath: trails.Array.data[9]
      value: 
      objectReference: {fileID: 997603127}
    - target: {fileID: 6900522885210186117, guid: 23c09a6d04c44a14cb1141d4709ea92f,
        type: 3}
      propertyPath: trails.Array.data[10]
      value: 
      objectReference: {fileID: 997603126}
    - target: {fileID: 6900522885210186117, guid: 23c09a6d04c44a14cb1141d4709ea92f,
        type: 3}
      propertyPath: trails.Array.data[11]
      value: 
      objectReference: {fileID: 997603125}
    - target: {fileID: 6900522885210186117, guid: 23c09a6d04c44a14cb1141d4709ea92f,
        type: 3}
      propertyPath: trails.Array.data[12]
      value: 
      objectReference: {fileID: 997603124}
    m_RemovedComponents: []
  m_SourcePrefab: {fileID: 100100000, guid: 23c09a6d04c44a14cb1141d4709ea92f, type: 3}
--- !u!1001 &7417264075393295586
PrefabInstance:
  m_ObjectHideFlags: 0
  serializedVersion: 2
  m_Modification:
    m_TransformParent: {fileID: 0}
    m_Modifications:
    - target: {fileID: 1529049375470234479, guid: e316dfc6737664a48b9debbdb2469ea3,
        type: 3}
      propertyPath: m_Materials.Array.data[0]
      value: 
      objectReference: {fileID: 0}
    - target: {fileID: 4979914811824845632, guid: e316dfc6737664a48b9debbdb2469ea3,
        type: 3}
      propertyPath: firestarter
      value: 
      objectReference: {fileID: 1673052004}
    - target: {fileID: 4979914811824845632, guid: e316dfc6737664a48b9debbdb2469ea3,
        type: 3}
      propertyPath: camerashaker
      value: 
      objectReference: {fileID: 1408048758}
    - target: {fileID: 7417264074173785509, guid: e316dfc6737664a48b9debbdb2469ea3,
        type: 3}
      propertyPath: m_Materials.Array.data[0]
      value: 
      objectReference: {fileID: 0}
    - target: {fileID: 7417264075334957487, guid: e316dfc6737664a48b9debbdb2469ea3,
        type: 3}
      propertyPath: m_Materials.Array.data[0]
      value: 
      objectReference: {fileID: 0}
    - target: {fileID: 7417264075508314151, guid: e316dfc6737664a48b9debbdb2469ea3,
        type: 3}
      propertyPath: m_Materials.Array.data[0]
      value: 
      objectReference: {fileID: 0}
    - target: {fileID: 7417264075662274298, guid: e316dfc6737664a48b9debbdb2469ea3,
        type: 3}
      propertyPath: m_Materials.Array.data[0]
      value: 
      objectReference: {fileID: 0}
    - target: {fileID: 7417264075743705398, guid: e316dfc6737664a48b9debbdb2469ea3,
        type: 3}
      propertyPath: m_Name
      value: LevelSetUpFin
      objectReference: {fileID: 0}
    - target: {fileID: 7417264075743705399, guid: e316dfc6737664a48b9debbdb2469ea3,
        type: 3}
      propertyPath: m_LocalPosition.x
      value: 0
      objectReference: {fileID: 0}
    - target: {fileID: 7417264075743705399, guid: e316dfc6737664a48b9debbdb2469ea3,
        type: 3}
      propertyPath: m_LocalPosition.y
      value: 0
      objectReference: {fileID: 0}
    - target: {fileID: 7417264075743705399, guid: e316dfc6737664a48b9debbdb2469ea3,
        type: 3}
      propertyPath: m_LocalPosition.z
      value: 0
      objectReference: {fileID: 0}
    - target: {fileID: 7417264075743705399, guid: e316dfc6737664a48b9debbdb2469ea3,
        type: 3}
      propertyPath: m_LocalRotation.x
      value: 0
      objectReference: {fileID: 0}
    - target: {fileID: 7417264075743705399, guid: e316dfc6737664a48b9debbdb2469ea3,
        type: 3}
      propertyPath: m_LocalRotation.y
      value: 0
      objectReference: {fileID: 0}
    - target: {fileID: 7417264075743705399, guid: e316dfc6737664a48b9debbdb2469ea3,
        type: 3}
      propertyPath: m_LocalRotation.z
      value: 0
      objectReference: {fileID: 0}
    - target: {fileID: 7417264075743705399, guid: e316dfc6737664a48b9debbdb2469ea3,
        type: 3}
      propertyPath: m_LocalRotation.w
      value: 1
      objectReference: {fileID: 0}
    - target: {fileID: 7417264075743705399, guid: e316dfc6737664a48b9debbdb2469ea3,
        type: 3}
      propertyPath: m_RootOrder
      value: 2
      objectReference: {fileID: 0}
    - target: {fileID: 7417264075743705399, guid: e316dfc6737664a48b9debbdb2469ea3,
        type: 3}
      propertyPath: m_LocalEulerAnglesHint.x
      value: 0
      objectReference: {fileID: 0}
    - target: {fileID: 7417264075743705399, guid: e316dfc6737664a48b9debbdb2469ea3,
        type: 3}
      propertyPath: m_LocalEulerAnglesHint.y
      value: 0
      objectReference: {fileID: 0}
    - target: {fileID: 7417264075743705399, guid: e316dfc6737664a48b9debbdb2469ea3,
        type: 3}
      propertyPath: m_LocalEulerAnglesHint.z
      value: 0
      objectReference: {fileID: 0}
    - target: {fileID: 7417264075917983540, guid: e316dfc6737664a48b9debbdb2469ea3,
        type: 3}
      propertyPath: m_Materials.Array.data[0]
      value: 
      objectReference: {fileID: 0}
    m_RemovedComponents: []
  m_SourcePrefab: {fileID: 100100000, guid: e316dfc6737664a48b9debbdb2469ea3, type: 3}
--- !u!1001 &7726433870862320760
PrefabInstance:
  m_ObjectHideFlags: 0
  serializedVersion: 2
  m_Modification:
    m_TransformParent: {fileID: 0}
    m_Modifications:
    - target: {fileID: 7726433870752660780, guid: c31388fc8bd5c0346af5a1d9d8345ca2,
        type: 3}
      propertyPath: m_Name
      value: test objects delete later
      objectReference: {fileID: 0}
    - target: {fileID: 7726433870752660781, guid: c31388fc8bd5c0346af5a1d9d8345ca2,
        type: 3}
      propertyPath: m_LocalPosition.x
      value: 0
      objectReference: {fileID: 0}
    - target: {fileID: 7726433870752660781, guid: c31388fc8bd5c0346af5a1d9d8345ca2,
        type: 3}
      propertyPath: m_LocalPosition.y
      value: 0
      objectReference: {fileID: 0}
    - target: {fileID: 7726433870752660781, guid: c31388fc8bd5c0346af5a1d9d8345ca2,
        type: 3}
      propertyPath: m_LocalPosition.z
      value: 0
      objectReference: {fileID: 0}
    - target: {fileID: 7726433870752660781, guid: c31388fc8bd5c0346af5a1d9d8345ca2,
        type: 3}
      propertyPath: m_LocalRotation.x
      value: 0
      objectReference: {fileID: 0}
    - target: {fileID: 7726433870752660781, guid: c31388fc8bd5c0346af5a1d9d8345ca2,
        type: 3}
      propertyPath: m_LocalRotation.y
      value: 0
      objectReference: {fileID: 0}
    - target: {fileID: 7726433870752660781, guid: c31388fc8bd5c0346af5a1d9d8345ca2,
        type: 3}
      propertyPath: m_LocalRotation.z
      value: 0
      objectReference: {fileID: 0}
    - target: {fileID: 7726433870752660781, guid: c31388fc8bd5c0346af5a1d9d8345ca2,
        type: 3}
      propertyPath: m_LocalRotation.w
      value: 1
      objectReference: {fileID: 0}
    - target: {fileID: 7726433870752660781, guid: c31388fc8bd5c0346af5a1d9d8345ca2,
        type: 3}
      propertyPath: m_RootOrder
      value: 1
      objectReference: {fileID: 0}
    - target: {fileID: 7726433870752660781, guid: c31388fc8bd5c0346af5a1d9d8345ca2,
        type: 3}
      propertyPath: m_LocalEulerAnglesHint.x
      value: 0
      objectReference: {fileID: 0}
    - target: {fileID: 7726433870752660781, guid: c31388fc8bd5c0346af5a1d9d8345ca2,
        type: 3}
      propertyPath: m_LocalEulerAnglesHint.y
      value: 0
      objectReference: {fileID: 0}
    - target: {fileID: 7726433870752660781, guid: c31388fc8bd5c0346af5a1d9d8345ca2,
        type: 3}
      propertyPath: m_LocalEulerAnglesHint.z
      value: 0
      objectReference: {fileID: 0}
    m_RemovedComponents: []
  m_SourcePrefab: {fileID: 100100000, guid: c31388fc8bd5c0346af5a1d9d8345ca2, type: 3}
