%YAML 1.1
%TAG !u! tag:unity3d.com,2011:
--- !u!29 &1
OcclusionCullingSettings:
  m_ObjectHideFlags: 0
  serializedVersion: 2
  m_OcclusionBakeSettings:
    smallestOccluder: 5
    smallestHole: 0.25
    backfaceThreshold: 100
  m_SceneGUID: 00000000000000000000000000000000
  m_OcclusionCullingData: {fileID: 0}
--- !u!104 &2
RenderSettings:
  m_ObjectHideFlags: 0
  serializedVersion: 9
  m_Fog: 0
  m_FogColor: {r: 0.5, g: 0.5, b: 0.5, a: 1}
  m_FogMode: 3
  m_FogDensity: 0.01
  m_LinearFogStart: 0
  m_LinearFogEnd: 300
  m_AmbientSkyColor: {r: 0.212, g: 0.227, b: 0.259, a: 1}
  m_AmbientEquatorColor: {r: 0.114, g: 0.125, b: 0.133, a: 1}
  m_AmbientGroundColor: {r: 0.047, g: 0.043, b: 0.035, a: 1}
  m_AmbientIntensity: 1
  m_AmbientMode: 0
  m_SubtractiveShadowColor: {r: 0.42, g: 0.478, b: 0.627, a: 1}
  m_SkyboxMaterial: {fileID: 2100000, guid: 0ffaa0b7117ba8c47a9d05ae701d4b4d, type: 2}
  m_HaloStrength: 0.5
  m_FlareStrength: 1
  m_FlareFadeSpeed: 3
  m_HaloTexture: {fileID: 0}
  m_SpotCookie: {fileID: 10001, guid: 0000000000000000e000000000000000, type: 0}
  m_DefaultReflectionMode: 0
  m_DefaultReflectionResolution: 128
  m_ReflectionBounces: 1
  m_ReflectionIntensity: 1
  m_CustomReflection: {fileID: 0}
  m_Sun: {fileID: 0}
  m_IndirectSpecularColor: {r: 0, g: 0, b: 0, a: 1}
  m_UseRadianceAmbientProbe: 0
--- !u!157 &3
LightmapSettings:
  m_ObjectHideFlags: 0
  serializedVersion: 11
  m_GIWorkflowMode: 1
  m_GISettings:
    serializedVersion: 2
    m_BounceScale: 1
    m_IndirectOutputScale: 1
    m_AlbedoBoost: 1
    m_EnvironmentLightingMode: 0
    m_EnableBakedLightmaps: 1
    m_EnableRealtimeLightmaps: 0
  m_LightmapEditorSettings:
    serializedVersion: 12
    m_Resolution: 2
    m_BakeResolution: 40
    m_AtlasSize: 1024
    m_AO: 0
    m_AOMaxDistance: 1
    m_CompAOExponent: 1
    m_CompAOExponentDirect: 0
    m_ExtractAmbientOcclusion: 0
    m_Padding: 2
    m_LightmapParameters: {fileID: 0}
    m_LightmapsBakeMode: 1
    m_TextureCompression: 1
    m_FinalGather: 0
    m_FinalGatherFiltering: 1
    m_FinalGatherRayCount: 256
    m_ReflectionCompression: 2
    m_MixedBakeMode: 2
    m_BakeBackend: 1
    m_PVRSampling: 1
    m_PVRDirectSampleCount: 32
    m_PVRSampleCount: 512
    m_PVRBounces: 2
    m_PVREnvironmentSampleCount: 256
    m_PVREnvironmentReferencePointCount: 2048
    m_PVRFilteringMode: 1
    m_PVRDenoiserTypeDirect: 1
    m_PVRDenoiserTypeIndirect: 1
    m_PVRDenoiserTypeAO: 1
    m_PVRFilterTypeDirect: 0
    m_PVRFilterTypeIndirect: 0
    m_PVRFilterTypeAO: 0
    m_PVREnvironmentMIS: 1
    m_PVRCulling: 1
    m_PVRFilteringGaussRadiusDirect: 1
    m_PVRFilteringGaussRadiusIndirect: 5
    m_PVRFilteringGaussRadiusAO: 2
    m_PVRFilteringAtrousPositionSigmaDirect: 0.5
    m_PVRFilteringAtrousPositionSigmaIndirect: 2
    m_PVRFilteringAtrousPositionSigmaAO: 1
    m_ExportTrainingData: 0
    m_TrainingDataDestination: TrainingData
    m_LightProbeSampleCountMultiplier: 4
  m_LightingDataAsset: {fileID: 0}
  m_UseShadowmask: 1
--- !u!196 &4
NavMeshSettings:
  serializedVersion: 2
  m_ObjectHideFlags: 0
  m_BuildSettings:
    serializedVersion: 2
    agentTypeID: 0
    agentRadius: 0.5
    agentHeight: 2
    agentSlope: 45
    agentClimb: 0.4
    ledgeDropHeight: 0
    maxJumpAcrossDistance: 0
    minRegionArea: 2
    manualCellSize: 0
    cellSize: 0.16666667
    manualTileSize: 0
    tileSize: 256
    accuratePlacement: 0
    debug:
      m_Flags: 0
  m_NavMeshData: {fileID: 0}
--- !u!1001 &111151622
PrefabInstance:
  m_ObjectHideFlags: 0
  serializedVersion: 2
  m_Modification:
    m_TransformParent: {fileID: 0}
    m_Modifications:
    - target: {fileID: 1501114673233124016, guid: 23c09a6d04c44a14cb1141d4709ea92f,
        type: 3}
      propertyPath: rotor1
      value: 
      objectReference: {fileID: 581010819}
    - target: {fileID: 1501114673841138836, guid: 23c09a6d04c44a14cb1141d4709ea92f,
        type: 3}
      propertyPath: m_Name
      value: Manager
      objectReference: {fileID: 0}
    - target: {fileID: 1501114673841138839, guid: 23c09a6d04c44a14cb1141d4709ea92f,
        type: 3}
      propertyPath: m_LocalPosition.x
      value: 0
      objectReference: {fileID: 0}
    - target: {fileID: 1501114673841138839, guid: 23c09a6d04c44a14cb1141d4709ea92f,
        type: 3}
      propertyPath: m_LocalPosition.y
      value: 0
      objectReference: {fileID: 0}
    - target: {fileID: 1501114673841138839, guid: 23c09a6d04c44a14cb1141d4709ea92f,
        type: 3}
      propertyPath: m_LocalPosition.z
      value: 0
      objectReference: {fileID: 0}
    - target: {fileID: 1501114673841138839, guid: 23c09a6d04c44a14cb1141d4709ea92f,
        type: 3}
      propertyPath: m_LocalRotation.x
      value: 0
      objectReference: {fileID: 0}
    - target: {fileID: 1501114673841138839, guid: 23c09a6d04c44a14cb1141d4709ea92f,
        type: 3}
      propertyPath: m_LocalRotation.y
      value: 0
      objectReference: {fileID: 0}
    - target: {fileID: 1501114673841138839, guid: 23c09a6d04c44a14cb1141d4709ea92f,
        type: 3}
      propertyPath: m_LocalRotation.z
      value: 0
      objectReference: {fileID: 0}
    - target: {fileID: 1501114673841138839, guid: 23c09a6d04c44a14cb1141d4709ea92f,
        type: 3}
      propertyPath: m_LocalRotation.w
      value: 1
      objectReference: {fileID: 0}
    - target: {fileID: 1501114673841138839, guid: 23c09a6d04c44a14cb1141d4709ea92f,
        type: 3}
      propertyPath: m_RootOrder
      value: 5
      objectReference: {fileID: 0}
    - target: {fileID: 1501114673841138839, guid: 23c09a6d04c44a14cb1141d4709ea92f,
        type: 3}
      propertyPath: m_LocalEulerAnglesHint.x
      value: 0
      objectReference: {fileID: 0}
    - target: {fileID: 1501114673841138839, guid: 23c09a6d04c44a14cb1141d4709ea92f,
        type: 3}
      propertyPath: m_LocalEulerAnglesHint.y
      value: 0
      objectReference: {fileID: 0}
    - target: {fileID: 1501114673841138839, guid: 23c09a6d04c44a14cb1141d4709ea92f,
        type: 3}
      propertyPath: m_LocalEulerAnglesHint.z
      value: 0
      objectReference: {fileID: 0}
    - target: {fileID: 2647230831646585136, guid: 23c09a6d04c44a14cb1141d4709ea92f,
        type: 3}
      propertyPath: m_AnchorMax.x
      value: 0
      objectReference: {fileID: 0}
    - target: {fileID: 2647230831646585136, guid: 23c09a6d04c44a14cb1141d4709ea92f,
        type: 3}
      propertyPath: m_AnchorMax.y
      value: 0
      objectReference: {fileID: 0}
    - target: {fileID: 2647230831646585136, guid: 23c09a6d04c44a14cb1141d4709ea92f,
        type: 3}
      propertyPath: m_SizeDelta.x
      value: 0
      objectReference: {fileID: 0}
    - target: {fileID: 2647230831674724080, guid: 23c09a6d04c44a14cb1141d4709ea92f,
        type: 3}
      propertyPath: m_AnchorMax.x
      value: 0
      objectReference: {fileID: 0}
    - target: {fileID: 2647230831674724080, guid: 23c09a6d04c44a14cb1141d4709ea92f,
        type: 3}
      propertyPath: m_AnchorMax.y
      value: 0
      objectReference: {fileID: 0}
    - target: {fileID: 2647230831674724080, guid: 23c09a6d04c44a14cb1141d4709ea92f,
        type: 3}
      propertyPath: m_SizeDelta.x
      value: 0
      objectReference: {fileID: 0}
    m_RemovedComponents: []
  m_SourcePrefab: {fileID: 100100000, guid: 23c09a6d04c44a14cb1141d4709ea92f, type: 3}
--- !u!1001 &239662838
PrefabInstance:
  m_ObjectHideFlags: 0
  serializedVersion: 2
  m_Modification:
    m_TransformParent: {fileID: 0}
    m_Modifications:
    - target: {fileID: 2475740948563120723, guid: 2a21a65107949214b984a38374e212c2,
        type: 3}
      propertyPath: m_LocalPosition.x
      value: 0
      objectReference: {fileID: 0}
    - target: {fileID: 2475740948563120723, guid: 2a21a65107949214b984a38374e212c2,
        type: 3}
      propertyPath: m_LocalPosition.y
      value: 0
      objectReference: {fileID: 0}
    - target: {fileID: 2475740948563120723, guid: 2a21a65107949214b984a38374e212c2,
        type: 3}
      propertyPath: m_LocalPosition.z
      value: 0
      objectReference: {fileID: 0}
    - target: {fileID: 2475740948563120723, guid: 2a21a65107949214b984a38374e212c2,
        type: 3}
      propertyPath: m_LocalRotation.x
      value: 0
      objectReference: {fileID: 0}
    - target: {fileID: 2475740948563120723, guid: 2a21a65107949214b984a38374e212c2,
        type: 3}
      propertyPath: m_LocalRotation.y
      value: 0
      objectReference: {fileID: 0}
    - target: {fileID: 2475740948563120723, guid: 2a21a65107949214b984a38374e212c2,
        type: 3}
      propertyPath: m_LocalRotation.z
      value: 0
      objectReference: {fileID: 0}
    - target: {fileID: 2475740948563120723, guid: 2a21a65107949214b984a38374e212c2,
        type: 3}
      propertyPath: m_LocalRotation.w
      value: 1
      objectReference: {fileID: 0}
    - target: {fileID: 2475740948563120723, guid: 2a21a65107949214b984a38374e212c2,
        type: 3}
      propertyPath: m_RootOrder
      value: 3
      objectReference: {fileID: 0}
    - target: {fileID: 2475740948563120723, guid: 2a21a65107949214b984a38374e212c2,
        type: 3}
      propertyPath: m_LocalEulerAnglesHint.x
      value: 0
      objectReference: {fileID: 0}
    - target: {fileID: 2475740948563120723, guid: 2a21a65107949214b984a38374e212c2,
        type: 3}
      propertyPath: m_LocalEulerAnglesHint.y
      value: 0
      objectReference: {fileID: 0}
    - target: {fileID: 2475740948563120723, guid: 2a21a65107949214b984a38374e212c2,
        type: 3}
      propertyPath: m_LocalEulerAnglesHint.z
      value: 0
      objectReference: {fileID: 0}
    - target: {fileID: 2475740948563120723, guid: 2a21a65107949214b984a38374e212c2,
        type: 3}
      propertyPath: m_AnchoredPosition.x
      value: 0
      objectReference: {fileID: 0}
    - target: {fileID: 2475740948563120723, guid: 2a21a65107949214b984a38374e212c2,
        type: 3}
      propertyPath: m_AnchoredPosition.y
      value: 0
      objectReference: {fileID: 0}
    - target: {fileID: 2475740948563120723, guid: 2a21a65107949214b984a38374e212c2,
        type: 3}
      propertyPath: m_SizeDelta.x
      value: 0
      objectReference: {fileID: 0}
    - target: {fileID: 2475740948563120723, guid: 2a21a65107949214b984a38374e212c2,
        type: 3}
      propertyPath: m_SizeDelta.y
      value: 0
      objectReference: {fileID: 0}
    - target: {fileID: 2475740948563120723, guid: 2a21a65107949214b984a38374e212c2,
        type: 3}
      propertyPath: m_AnchorMin.x
      value: 0
      objectReference: {fileID: 0}
    - target: {fileID: 2475740948563120723, guid: 2a21a65107949214b984a38374e212c2,
        type: 3}
      propertyPath: m_AnchorMin.y
      value: 0
      objectReference: {fileID: 0}
    - target: {fileID: 2475740948563120723, guid: 2a21a65107949214b984a38374e212c2,
        type: 3}
      propertyPath: m_AnchorMax.x
      value: 0
      objectReference: {fileID: 0}
    - target: {fileID: 2475740948563120723, guid: 2a21a65107949214b984a38374e212c2,
        type: 3}
      propertyPath: m_AnchorMax.y
      value: 0
      objectReference: {fileID: 0}
    - target: {fileID: 2475740948563120723, guid: 2a21a65107949214b984a38374e212c2,
        type: 3}
      propertyPath: m_Pivot.x
      value: 0
      objectReference: {fileID: 0}
    - target: {fileID: 2475740948563120723, guid: 2a21a65107949214b984a38374e212c2,
        type: 3}
      propertyPath: m_Pivot.y
      value: 0
      objectReference: {fileID: 0}
    - target: {fileID: 2475740948563120727, guid: 2a21a65107949214b984a38374e212c2,
        type: 3}
      propertyPath: TextBox
      value: 
      objectReference: {fileID: 0}
    - target: {fileID: 2475740948563120728, guid: 2a21a65107949214b984a38374e212c2,
        type: 3}
      propertyPath: m_Name
      value: OverlayText (1)
      objectReference: {fileID: 0}
    m_RemovedComponents: []
  m_SourcePrefab: {fileID: 100100000, guid: 2a21a65107949214b984a38374e212c2, type: 3}
--- !u!1 &239662839 stripped
GameObject:
  m_CorrespondingSourceObject: {fileID: 2475740948563120728, guid: 2a21a65107949214b984a38374e212c2,
    type: 3}
  m_PrefabInstance: {fileID: 239662838}
  m_PrefabAsset: {fileID: 0}
--- !u!1 &239662841 stripped
GameObject:
  m_CorrespondingSourceObject: {fileID: 2475740948663626555, guid: 2a21a65107949214b984a38374e212c2,
    type: 3}
  m_PrefabInstance: {fileID: 239662838}
  m_PrefabAsset: {fileID: 0}
--- !u!1 &337769107 stripped
GameObject:
  m_CorrespondingSourceObject: {fileID: 2125193795674166424, guid: 2a21a65107949214b984a38374e212c2,
    type: 3}
  m_PrefabInstance: {fileID: 1893331469}
  m_PrefabAsset: {fileID: 0}
--- !u!1 &581010819 stripped
GameObject:
  m_CorrespondingSourceObject: {fileID: 7770487937707664809, guid: e316dfc6737664a48b9debbdb2469ea3,
    type: 3}
  m_PrefabInstance: {fileID: 727853678}
  m_PrefabAsset: {fileID: 0}
--- !u!1001 &727853678
PrefabInstance:
  m_ObjectHideFlags: 0
  serializedVersion: 2
  m_Modification:
    m_TransformParent: {fileID: 0}
    m_Modifications:
    - target: {fileID: 64331843260338229, guid: e316dfc6737664a48b9debbdb2469ea3,
        type: 3}
      propertyPath: m_IsActive
      value: 1
      objectReference: {fileID: 0}
    - target: {fileID: 396989190125655855, guid: e316dfc6737664a48b9debbdb2469ea3,
        type: 3}
      propertyPath: m_IsActive
      value: 0
      objectReference: {fileID: 0}
    - target: {fileID: 396989190605876291, guid: e316dfc6737664a48b9debbdb2469ea3,
        type: 3}
      propertyPath: m_IsActive
      value: 0
      objectReference: {fileID: 0}
    - target: {fileID: 396989191361298039, guid: e316dfc6737664a48b9debbdb2469ea3,
        type: 3}
      propertyPath: m_IsActive
      value: 1
      objectReference: {fileID: 0}
    - target: {fileID: 1072506854984647590, guid: e316dfc6737664a48b9debbdb2469ea3,
        type: 3}
      propertyPath: m_IsActive
      value: 0
      objectReference: {fileID: 0}
    - target: {fileID: 1529049375470234479, guid: e316dfc6737664a48b9debbdb2469ea3,
        type: 3}
      propertyPath: m_Materials.Array.data[0]
      value: 
      objectReference: {fileID: 0}
    - target: {fileID: 1529049375470234479, guid: e316dfc6737664a48b9debbdb2469ea3,
        type: 3}
      propertyPath: m_Enabled
      value: 1
      objectReference: {fileID: 0}
    - target: {fileID: 2320112117453929083, guid: e316dfc6737664a48b9debbdb2469ea3,
        type: 3}
      propertyPath: m_IsActive
      value: 1
      objectReference: {fileID: 0}
    - target: {fileID: 3338592798970991269, guid: e316dfc6737664a48b9debbdb2469ea3,
        type: 3}
      propertyPath: m_IsActive
      value: 1
      objectReference: {fileID: 0}
    - target: {fileID: 5945165846270913297, guid: e316dfc6737664a48b9debbdb2469ea3,
        type: 3}
      propertyPath: m_IsActive
      value: 1
      objectReference: {fileID: 0}
    - target: {fileID: 6682509108493665035, guid: e316dfc6737664a48b9debbdb2469ea3,
        type: 3}
      propertyPath: m_IsActive
      value: 1
      objectReference: {fileID: 0}
    - target: {fileID: 7417264074173785509, guid: e316dfc6737664a48b9debbdb2469ea3,
        type: 3}
      propertyPath: m_Materials.Array.data[0]
      value: 
      objectReference: {fileID: 0}
    - target: {fileID: 7417264074173785509, guid: e316dfc6737664a48b9debbdb2469ea3,
        type: 3}
      propertyPath: m_Enabled
      value: 1
      objectReference: {fileID: 0}
    - target: {fileID: 7417264074389826480, guid: e316dfc6737664a48b9debbdb2469ea3,
        type: 3}
      propertyPath: m_IsActive
      value: 0
      objectReference: {fileID: 0}
    - target: {fileID: 7417264075237617227, guid: e316dfc6737664a48b9debbdb2469ea3,
        type: 3}
      propertyPath: m_IsActive
      value: 1
      objectReference: {fileID: 0}
    - target: {fileID: 7417264075334957487, guid: e316dfc6737664a48b9debbdb2469ea3,
        type: 3}
      propertyPath: m_Materials.Array.data[0]
      value: 
      objectReference: {fileID: 0}
    - target: {fileID: 7417264075334957487, guid: e316dfc6737664a48b9debbdb2469ea3,
        type: 3}
      propertyPath: m_Enabled
      value: 1
      objectReference: {fileID: 0}
    - target: {fileID: 7417264075508314151, guid: e316dfc6737664a48b9debbdb2469ea3,
        type: 3}
      propertyPath: m_Materials.Array.data[0]
      value: 
      objectReference: {fileID: 0}
    - target: {fileID: 7417264075508314151, guid: e316dfc6737664a48b9debbdb2469ea3,
        type: 3}
      propertyPath: m_Enabled
      value: 1
      objectReference: {fileID: 0}
    - target: {fileID: 7417264075662274298, guid: e316dfc6737664a48b9debbdb2469ea3,
        type: 3}
      propertyPath: m_Materials.Array.data[0]
      value: 
      objectReference: {fileID: 0}
    - target: {fileID: 7417264075662274298, guid: e316dfc6737664a48b9debbdb2469ea3,
        type: 3}
      propertyPath: m_Enabled
      value: 1
      objectReference: {fileID: 0}
    - target: {fileID: 7417264075743705398, guid: e316dfc6737664a48b9debbdb2469ea3,
        type: 3}
      propertyPath: m_Name
      value: LevelSetUpFin
      objectReference: {fileID: 0}
    - target: {fileID: 7417264075743705399, guid: e316dfc6737664a48b9debbdb2469ea3,
        type: 3}
      propertyPath: m_LocalPosition.x
      value: 0
      objectReference: {fileID: 0}
    - target: {fileID: 7417264075743705399, guid: e316dfc6737664a48b9debbdb2469ea3,
        type: 3}
      propertyPath: m_LocalPosition.y
      value: 0
      objectReference: {fileID: 0}
    - target: {fileID: 7417264075743705399, guid: e316dfc6737664a48b9debbdb2469ea3,
        type: 3}
      propertyPath: m_LocalPosition.z
      value: -0.08
      objectReference: {fileID: 0}
    - target: {fileID: 7417264075743705399, guid: e316dfc6737664a48b9debbdb2469ea3,
        type: 3}
      propertyPath: m_LocalRotation.x
      value: 0
      objectReference: {fileID: 0}
    - target: {fileID: 7417264075743705399, guid: e316dfc6737664a48b9debbdb2469ea3,
        type: 3}
      propertyPath: m_LocalRotation.y
      value: 0
      objectReference: {fileID: 0}
    - target: {fileID: 7417264075743705399, guid: e316dfc6737664a48b9debbdb2469ea3,
        type: 3}
      propertyPath: m_LocalRotation.z
      value: 0
      objectReference: {fileID: 0}
    - target: {fileID: 7417264075743705399, guid: e316dfc6737664a48b9debbdb2469ea3,
        type: 3}
      propertyPath: m_LocalRotation.w
      value: 1
      objectReference: {fileID: 0}
    - target: {fileID: 7417264075743705399, guid: e316dfc6737664a48b9debbdb2469ea3,
        type: 3}
      propertyPath: m_RootOrder
      value: 4
      objectReference: {fileID: 0}
    - target: {fileID: 7417264075743705399, guid: e316dfc6737664a48b9debbdb2469ea3,
        type: 3}
      propertyPath: m_LocalEulerAnglesHint.x
      value: 0
      objectReference: {fileID: 0}
    - target: {fileID: 7417264075743705399, guid: e316dfc6737664a48b9debbdb2469ea3,
        type: 3}
      propertyPath: m_LocalEulerAnglesHint.y
      value: 0
      objectReference: {fileID: 0}
    - target: {fileID: 7417264075743705399, guid: e316dfc6737664a48b9debbdb2469ea3,
        type: 3}
      propertyPath: m_LocalEulerAnglesHint.z
      value: 0
      objectReference: {fileID: 0}
    - target: {fileID: 7417264075900583311, guid: e316dfc6737664a48b9debbdb2469ea3,
        type: 3}
      propertyPath: m_IsActive
      value: 1
      objectReference: {fileID: 0}
    - target: {fileID: 7417264075917983540, guid: e316dfc6737664a48b9debbdb2469ea3,
        type: 3}
      propertyPath: m_Materials.Array.data[0]
      value: 
      objectReference: {fileID: 0}
    - target: {fileID: 7417264075917983540, guid: e316dfc6737664a48b9debbdb2469ea3,
        type: 3}
      propertyPath: m_Enabled
      value: 1
      objectReference: {fileID: 0}
    - target: {fileID: 8190360899359239936, guid: e316dfc6737664a48b9debbdb2469ea3,
        type: 3}
      propertyPath: m_IsActive
      value: 1
      objectReference: {fileID: 0}
    - target: {fileID: 8325459514054365595, guid: e316dfc6737664a48b9debbdb2469ea3,
        type: 3}
      propertyPath: m_IsActive
      value: 0
      objectReference: {fileID: 0}
    m_RemovedComponents: []
  m_SourcePrefab: {fileID: 100100000, guid: e316dfc6737664a48b9debbdb2469ea3, type: 3}
--- !u!1001 &743407227
PrefabInstance:
  m_ObjectHideFlags: 0
  serializedVersion: 2
  m_Modification:
    m_TransformParent: {fileID: 0}
    m_Modifications:
    - target: {fileID: 579372947389458144, guid: d8788ff55f2b72e41970f4c0df95490d,
        type: 3}
      propertyPath: m_LocalPosition.x
      value: 4.213206
      objectReference: {fileID: 0}
    - target: {fileID: 579372947389458144, guid: d8788ff55f2b72e41970f4c0df95490d,
        type: 3}
      propertyPath: m_LocalPosition.y
      value: 23.971926
      objectReference: {fileID: 0}
    - target: {fileID: 579372947389458144, guid: d8788ff55f2b72e41970f4c0df95490d,
        type: 3}
      propertyPath: m_LocalPosition.z
      value: -111.859375
      objectReference: {fileID: 0}
    - target: {fileID: 579372947389458144, guid: d8788ff55f2b72e41970f4c0df95490d,
        type: 3}
      propertyPath: m_LocalRotation.x
      value: 0
      objectReference: {fileID: 0}
    - target: {fileID: 579372947389458144, guid: d8788ff55f2b72e41970f4c0df95490d,
        type: 3}
      propertyPath: m_LocalRotation.y
      value: 0
      objectReference: {fileID: 0}
    - target: {fileID: 579372947389458144, guid: d8788ff55f2b72e41970f4c0df95490d,
        type: 3}
      propertyPath: m_LocalRotation.z
      value: 0
      objectReference: {fileID: 0}
    - target: {fileID: 579372947389458144, guid: d8788ff55f2b72e41970f4c0df95490d,
        type: 3}
      propertyPath: m_LocalRotation.w
      value: 1
      objectReference: {fileID: 0}
    - target: {fileID: 579372947389458144, guid: d8788ff55f2b72e41970f4c0df95490d,
        type: 3}
      propertyPath: m_RootOrder
      value: 6
      objectReference: {fileID: 0}
    - target: {fileID: 579372947389458144, guid: d8788ff55f2b72e41970f4c0df95490d,
        type: 3}
      propertyPath: m_LocalEulerAnglesHint.x
      value: 0
      objectReference: {fileID: 0}
    - target: {fileID: 579372947389458144, guid: d8788ff55f2b72e41970f4c0df95490d,
        type: 3}
      propertyPath: m_LocalEulerAnglesHint.y
      value: 0
      objectReference: {fileID: 0}
    - target: {fileID: 579372947389458144, guid: d8788ff55f2b72e41970f4c0df95490d,
        type: 3}
      propertyPath: m_LocalEulerAnglesHint.z
      value: 0
      objectReference: {fileID: 0}
    - target: {fileID: 579372947389458146, guid: d8788ff55f2b72e41970f4c0df95490d,
        type: 3}
      propertyPath: m_Name
      value: Fader
      objectReference: {fileID: 0}
    - target: {fileID: 579372947389458146, guid: d8788ff55f2b72e41970f4c0df95490d,
        type: 3}
      propertyPath: m_IsActive
      value: 0
      objectReference: {fileID: 0}
    m_RemovedComponents: []
  m_SourcePrefab: {fileID: 100100000, guid: d8788ff55f2b72e41970f4c0df95490d, type: 3}
--- !u!1 &743407228 stripped
GameObject:
  m_CorrespondingSourceObject: {fileID: 579372947389458146, guid: d8788ff55f2b72e41970f4c0df95490d,
    type: 3}
  m_PrefabInstance: {fileID: 743407227}
  m_PrefabAsset: {fileID: 0}
--- !u!1 &812845471
GameObject:
  m_ObjectHideFlags: 0
  m_CorrespondingSourceObject: {fileID: 0}
  m_PrefabInstance: {fileID: 0}
  m_PrefabAsset: {fileID: 0}
  serializedVersion: 6
  m_Component:
  - component: {fileID: 812845473}
  - component: {fileID: 812845472}
  m_Layer: 0
  m_Name: Directional Light
  m_TagString: Untagged
  m_Icon: {fileID: 0}
  m_NavMeshLayer: 0
  m_StaticEditorFlags: 0
  m_IsActive: 1
--- !u!108 &812845472
Light:
  m_ObjectHideFlags: 0
  m_CorrespondingSourceObject: {fileID: 0}
  m_PrefabInstance: {fileID: 0}
  m_PrefabAsset: {fileID: 0}
  m_GameObject: {fileID: 812845471}
  m_Enabled: 1
  serializedVersion: 10
  m_Type: 1
  m_Shape: 0
  m_Color: {r: 1, g: 0.95686275, b: 0.8392157, a: 1}
  m_Intensity: 1
  m_Range: 10
  m_SpotAngle: 30
  m_InnerSpotAngle: 21.80208
  m_CookieSize: 10
  m_Shadows:
    m_Type: 2
    m_Resolution: -1
    m_CustomResolution: -1
    m_Strength: 1
    m_Bias: 0.05
    m_NormalBias: 0.4
    m_NearPlane: 0.2
    m_CullingMatrixOverride:
      e00: 1
      e01: 0
      e02: 0
      e03: 0
      e10: 0
      e11: 1
      e12: 0
      e13: 0
      e20: 0
      e21: 0
      e22: 1
      e23: 0
      e30: 0
      e31: 0
      e32: 0
      e33: 1
    m_UseCullingMatrixOverride: 0
  m_Cookie: {fileID: 0}
  m_DrawHalo: 0
  m_Flare: {fileID: 0}
  m_RenderMode: 0
  m_CullingMask:
    serializedVersion: 2
    m_Bits: 4294967295
  m_RenderingLayerMask: 1
  m_Lightmapping: 4
  m_LightShadowCasterMode: 0
  m_AreaSize: {x: 1, y: 1}
  m_BounceIntensity: 1
  m_ColorTemperature: 6570
  m_UseColorTemperature: 0
  m_BoundingSphereOverride: {x: 0, y: 0, z: 0, w: 0}
  m_UseBoundingSphereOverride: 0
  m_ShadowRadius: 0
  m_ShadowAngle: 0
--- !u!4 &812845473
Transform:
  m_ObjectHideFlags: 0
  m_CorrespondingSourceObject: {fileID: 0}
  m_PrefabInstance: {fileID: 0}
  m_PrefabAsset: {fileID: 0}
  m_GameObject: {fileID: 812845471}
  m_LocalRotation: {x: 0.35965952, y: 0.22359812, z: -0.0892066, w: 0.9014938}
  m_LocalPosition: {x: -18.11, y: 3, z: 9.57}
  m_LocalScale: {x: 1, y: 1, z: 1}
  m_Children: []
  m_Father: {fileID: 0}
  m_RootOrder: 1
  m_LocalEulerAnglesHint: {x: 43.5, y: 27.86, z: 0}
--- !u!1001 &970903275
PrefabInstance:
  m_ObjectHideFlags: 0
  serializedVersion: 2
  m_Modification:
    m_TransformParent: {fileID: 0}
    m_Modifications:
    - target: {fileID: 1015282572511515695, guid: 88ec7516d75a9ef4ba2723f6c74395bf,
        type: 3}
      propertyPath: m_LocalPosition.x
      value: 0
      objectReference: {fileID: 0}
    - target: {fileID: 1015282572511515695, guid: 88ec7516d75a9ef4ba2723f6c74395bf,
        type: 3}
      propertyPath: m_LocalPosition.y
      value: 0
      objectReference: {fileID: 0}
    - target: {fileID: 1015282572511515695, guid: 88ec7516d75a9ef4ba2723f6c74395bf,
        type: 3}
      propertyPath: m_LocalPosition.z
      value: 0
      objectReference: {fileID: 0}
    - target: {fileID: 1015282572511515695, guid: 88ec7516d75a9ef4ba2723f6c74395bf,
        type: 3}
      propertyPath: m_LocalRotation.x
      value: 0
      objectReference: {fileID: 0}
    - target: {fileID: 1015282572511515695, guid: 88ec7516d75a9ef4ba2723f6c74395bf,
        type: 3}
      propertyPath: m_LocalRotation.y
      value: 0
      objectReference: {fileID: 0}
    - target: {fileID: 1015282572511515695, guid: 88ec7516d75a9ef4ba2723f6c74395bf,
        type: 3}
      propertyPath: m_LocalRotation.z
      value: 0
      objectReference: {fileID: 0}
    - target: {fileID: 1015282572511515695, guid: 88ec7516d75a9ef4ba2723f6c74395bf,
        type: 3}
      propertyPath: m_LocalRotation.w
      value: 1
      objectReference: {fileID: 0}
    - target: {fileID: 1015282572511515695, guid: 88ec7516d75a9ef4ba2723f6c74395bf,
        type: 3}
      propertyPath: m_RootOrder
      value: 7
      objectReference: {fileID: 0}
    - target: {fileID: 1015282572511515695, guid: 88ec7516d75a9ef4ba2723f6c74395bf,
        type: 3}
      propertyPath: m_LocalEulerAnglesHint.x
      value: 0
      objectReference: {fileID: 0}
    - target: {fileID: 1015282572511515695, guid: 88ec7516d75a9ef4ba2723f6c74395bf,
        type: 3}
      propertyPath: m_LocalEulerAnglesHint.y
      value: 0
      objectReference: {fileID: 0}
    - target: {fileID: 1015282572511515695, guid: 88ec7516d75a9ef4ba2723f6c74395bf,
        type: 3}
      propertyPath: m_LocalEulerAnglesHint.z
      value: 0
      objectReference: {fileID: 0}
    - target: {fileID: 1015282572511515697, guid: 88ec7516d75a9ef4ba2723f6c74395bf,
        type: 3}
      propertyPath: m_Name
      value: PlayerSpawner
      objectReference: {fileID: 0}
    m_RemovedComponents: []
  m_SourcePrefab: {fileID: 100100000, guid: 88ec7516d75a9ef4ba2723f6c74395bf, type: 3}
--- !u!1 &1124390596 stripped
GameObject:
  m_CorrespondingSourceObject: {fileID: 7417264075237617227, guid: e316dfc6737664a48b9debbdb2469ea3,
    type: 3}
  m_PrefabInstance: {fileID: 727853678}
  m_PrefabAsset: {fileID: 0}
--- !u!1 &1189736955 stripped
GameObject:
  m_CorrespondingSourceObject: {fileID: 6153271053162504566, guid: e316dfc6737664a48b9debbdb2469ea3,
    type: 3}
  m_PrefabInstance: {fileID: 727853678}
  m_PrefabAsset: {fileID: 0}
--- !u!1 &1789022560
GameObject:
  m_ObjectHideFlags: 0
  m_CorrespondingSourceObject: {fileID: 0}
  m_PrefabInstance: {fileID: 0}
  m_PrefabAsset: {fileID: 0}
  serializedVersion: 6
  m_Component:
  - component: {fileID: 1789022561}
  - component: {fileID: 1789022562}
  m_Layer: 0
  m_Name: TutorialManager
  m_TagString: Untagged
  m_Icon: {fileID: 0}
  m_NavMeshLayer: 0
  m_StaticEditorFlags: 0
  m_IsActive: 1
--- !u!4 &1789022561
Transform:
  m_ObjectHideFlags: 0
  m_CorrespondingSourceObject: {fileID: 0}
  m_PrefabInstance: {fileID: 0}
  m_PrefabAsset: {fileID: 0}
  m_GameObject: {fileID: 1789022560}
  m_LocalRotation: {x: 0, y: 0, z: 0, w: 1}
  m_LocalPosition: {x: 4.8396597, y: -3.8644574, z: -113.15384}
  m_LocalScale: {x: 1, y: 1, z: 1}
  m_Children: []
  m_Father: {fileID: 0}
  m_RootOrder: 0
  m_LocalEulerAnglesHint: {x: 0, y: 0, z: 0}
--- !u!114 &1789022562
MonoBehaviour:
  m_ObjectHideFlags: 0
  m_CorrespondingSourceObject: {fileID: 0}
  m_PrefabInstance: {fileID: 0}
  m_PrefabAsset: {fileID: 0}
  m_GameObject: {fileID: 1789022560}
  m_Enabled: 1
  m_EditorHideFlags: 0
  m_Script: {fileID: 11500000, guid: 5be557301f20d7d4898e348478272393, type: 3}
  m_Name: 
  m_EditorClassIdentifier: 
  TextBox: {fileID: 337769107}
  OverlayText: {fileID: 239662841}
  CanvasOverlayText: {fileID: 239662839}
  CanvasTextBox: {fileID: 1893331470}
  Fader: {fileID: 743407228}
  StageHelpText:
  - To keep your ship alive, you have to manage some things. Start with the wheel
    in the front of the ship. By turning it, your ship gets healthier.
  - In front of you, there are some logs of wood. Press F or B on you controller
    to pick one up. Bring it to the place next to the furnace in the back of the
    ship.
  - Next to the wood storage, you have a button. Stand on it to fill the furnace
    with wood.
  - There is a pipe leading steam to the boiler. In the boiler the pressure and heat
    increase with more steam. You can lower the pressure by standing on the button
    in front of the boiler. Try it.
  - There are laying some black cubes on the floor. You can pick them up and put
    it to one of the fuel refiners which are left of the boiler.
  - When the fuel is refined, put it into the fuel tank. It stands right in front
    of you with the green glowing stuff.
  - Be aware. When your ship gets unhealthy, there can be fire. Fire can be extinguished
    with the water bucket. (Press E or A on your Controller).
  - If stuff gets messy, you can also make a quick dash by pressing Space or X on
    your controller.
  - This was the tutorial, now you can start with your own new ship :)\n We would
    really love it if you leave us a comment about our game.
  WelcomeText: <b>Welcome to our tutorial!</b><br>Please press Space or your A key
    on your controller to continue.
  FinishText: 
  Wheel: {fileID: 1875707605}
  LogPile: {fileID: 2083555411}
  FuelHatch: {fileID: 1189736955}
  FuelHatchButton: {fileID: 1124390596}
  BoilerPressurePlate: {fileID: 1887729613}
--- !u!1 &1875707605 stripped
GameObject:
  m_CorrespondingSourceObject: {fileID: 2320112117453929083, guid: e316dfc6737664a48b9debbdb2469ea3,
    type: 3}
  m_PrefabInstance: {fileID: 727853678}
  m_PrefabAsset: {fileID: 0}
--- !u!1 &1887729613 stripped
GameObject:
  m_CorrespondingSourceObject: {fileID: 5941210160960103767, guid: e316dfc6737664a48b9debbdb2469ea3,
    type: 3}
  m_PrefabInstance: {fileID: 727853678}
  m_PrefabAsset: {fileID: 0}
--- !u!1001 &1893331469
PrefabInstance:
  m_ObjectHideFlags: 0
  serializedVersion: 2
  m_Modification:
    m_TransformParent: {fileID: 0}
    m_Modifications:
    - target: {fileID: 2475740948563120723, guid: 2a21a65107949214b984a38374e212c2,
        type: 3}
      propertyPath: m_LocalPosition.x
      value: 0
      objectReference: {fileID: 0}
    - target: {fileID: 2475740948563120723, guid: 2a21a65107949214b984a38374e212c2,
        type: 3}
      propertyPath: m_LocalPosition.y
      value: 0
      objectReference: {fileID: 0}
    - target: {fileID: 2475740948563120723, guid: 2a21a65107949214b984a38374e212c2,
        type: 3}
      propertyPath: m_LocalPosition.z
      value: 0
      objectReference: {fileID: 0}
    - target: {fileID: 2475740948563120723, guid: 2a21a65107949214b984a38374e212c2,
        type: 3}
      propertyPath: m_LocalRotation.x
      value: 0
      objectReference: {fileID: 0}
    - target: {fileID: 2475740948563120723, guid: 2a21a65107949214b984a38374e212c2,
        type: 3}
      propertyPath: m_LocalRotation.y
      value: 0
      objectReference: {fileID: 0}
    - target: {fileID: 2475740948563120723, guid: 2a21a65107949214b984a38374e212c2,
        type: 3}
      propertyPath: m_LocalRotation.z
      value: 0
      objectReference: {fileID: 0}
    - target: {fileID: 2475740948563120723, guid: 2a21a65107949214b984a38374e212c2,
        type: 3}
      propertyPath: m_LocalRotation.w
      value: 1
      objectReference: {fileID: 0}
    - target: {fileID: 2475740948563120723, guid: 2a21a65107949214b984a38374e212c2,
        type: 3}
      propertyPath: m_RootOrder
      value: 2
      objectReference: {fileID: 0}
    - target: {fileID: 2475740948563120723, guid: 2a21a65107949214b984a38374e212c2,
        type: 3}
      propertyPath: m_LocalEulerAnglesHint.x
      value: 0
      objectReference: {fileID: 0}
    - target: {fileID: 2475740948563120723, guid: 2a21a65107949214b984a38374e212c2,
        type: 3}
      propertyPath: m_LocalEulerAnglesHint.y
      value: 0
      objectReference: {fileID: 0}
    - target: {fileID: 2475740948563120723, guid: 2a21a65107949214b984a38374e212c2,
        type: 3}
      propertyPath: m_LocalEulerAnglesHint.z
      value: 0
      objectReference: {fileID: 0}
    - target: {fileID: 2475740948563120723, guid: 2a21a65107949214b984a38374e212c2,
        type: 3}
      propertyPath: m_AnchoredPosition.x
      value: 0
      objectReference: {fileID: 0}
    - target: {fileID: 2475740948563120723, guid: 2a21a65107949214b984a38374e212c2,
        type: 3}
      propertyPath: m_AnchoredPosition.y
      value: 0
      objectReference: {fileID: 0}
    - target: {fileID: 2475740948563120723, guid: 2a21a65107949214b984a38374e212c2,
        type: 3}
      propertyPath: m_SizeDelta.x
      value: 0
      objectReference: {fileID: 0}
    - target: {fileID: 2475740948563120723, guid: 2a21a65107949214b984a38374e212c2,
        type: 3}
      propertyPath: m_SizeDelta.y
      value: 0
      objectReference: {fileID: 0}
    - target: {fileID: 2475740948563120723, guid: 2a21a65107949214b984a38374e212c2,
        type: 3}
      propertyPath: m_AnchorMin.x
      value: 0
      objectReference: {fileID: 0}
    - target: {fileID: 2475740948563120723, guid: 2a21a65107949214b984a38374e212c2,
        type: 3}
      propertyPath: m_AnchorMin.y
      value: 0
      objectReference: {fileID: 0}
    - target: {fileID: 2475740948563120723, guid: 2a21a65107949214b984a38374e212c2,
        type: 3}
      propertyPath: m_AnchorMax.x
      value: 0
      objectReference: {fileID: 0}
    - target: {fileID: 2475740948563120723, guid: 2a21a65107949214b984a38374e212c2,
        type: 3}
      propertyPath: m_AnchorMax.y
      value: 0
      objectReference: {fileID: 0}
    - target: {fileID: 2475740948563120723, guid: 2a21a65107949214b984a38374e212c2,
        type: 3}
      propertyPath: m_Pivot.x
      value: 0
      objectReference: {fileID: 0}
    - target: {fileID: 2475740948563120723, guid: 2a21a65107949214b984a38374e212c2,
        type: 3}
      propertyPath: m_Pivot.y
      value: 0
      objectReference: {fileID: 0}
    - target: {fileID: 2475740948563120727, guid: 2a21a65107949214b984a38374e212c2,
        type: 3}
      propertyPath: TextBox
      value: 
      objectReference: {fileID: 337769107}
    - target: {fileID: 2475740948563120727, guid: 2a21a65107949214b984a38374e212c2,
        type: 3}
      propertyPath: Text
      value: 
      objectReference: {fileID: 0}
    - target: {fileID: 2475740948563120728, guid: 2a21a65107949214b984a38374e212c2,
        type: 3}
      propertyPath: m_Name
      value: OverlayText
      objectReference: {fileID: 0}
    m_RemovedComponents: []
  m_SourcePrefab: {fileID: 100100000, guid: 2a21a65107949214b984a38374e212c2, type: 3}
--- !u!1 &1893331470 stripped
GameObject:
  m_CorrespondingSourceObject: {fileID: 2475740948563120728, guid: 2a21a65107949214b984a38374e212c2,
    type: 3}
  m_PrefabInstance: {fileID: 1893331469}
  m_PrefabAsset: {fileID: 0}
--- !u!1 &2083555411 stripped
GameObject:
  m_CorrespondingSourceObject: {fileID: 8325459514054365595, guid: e316dfc6737664a48b9debbdb2469ea3,
    type: 3}
  m_PrefabInstance: {fileID: 727853678}
  m_PrefabAsset: {fileID: 0}
